{
	"IB:INDEXBME": {
		"name": "IB",
		"market": "INDEXBME",
		"value": "10451.50",
		"session_change": "+23.30",
		"session_change_percentage": "0.22",
		"title": "IBEX 35.",
		"yield": 0,
		"range_52week": "9236.60 - 11184.40",
		"range_52week_high": "11184.40",
		"range_52week_low": "9236.60",
		"range_52week_heat": "0.62",
		"range_52week_volatility": "0.21",
		"yield_per_ratio": "0",
		"beta": 0,
		"eps": 0,
		"per": 999,
		"roe": 0,
		"date": "31 22:53",
		"h_souce": "0.03",
		"value_hist": [["2017-12-29", "10043.90"], ["2018-01-31", "10451.50"]],
		"value_hist_last_diff": "4",
		"dividend": 0,
		"avgyield_per_ratio": "0.01",
		"avgyield": "0.00",
		"eps_hist_last_diff": 0,
		"divs_per_year": "0",
		"dividend_total_year": "0",
		"shares": 0,
		"mktcap": "0.00",
		"operating_margin": 0,
		"employees": 0,
		"eps_hist": [],
		"yield_hist": [["2017-12-29", 0], ["2018-01-31", 0]],
		"yield_hist_last_diff": "0",
		"per_hist": [["2017-12-29", 999], ["2018-01-31", 999]],
		"per_hist_last_diff": "0",
		"operating_margin_hist": [["2017-12-29", 0], ["2018-01-31", 0]],
		"operating_margin_hist_last_diff": "0",
		"shares_hist": [["2017-12-29", 0], ["2018-01-31", 0]],
		"shares_hist_last_diff": "0",
		"employees_hist": [["2017-12-29", 0], ["2018-01-31", 0]],
		"employees_hist_last_diff": "0",
		"avgyield_per_ratio_original": "0.02",
		"price_to_sales": 99,
		"leverage": 99,
		"revenue": 0,
		"price_to_book": 0,
		"leverage_industry": 2.5,
		"revenue_hist": [["2017-12-30", 0], ["2018-02-01", 0]],
		"revenue_hist_last_diff": "0",
		"leverage_hist": [["2017-12-30", 99], ["2018-02-01", 99]],
		"leverage_hist_last_diff": "0",
		"price_to_sales_hist": [["2017-12-30", 99], ["2018-02-01", 99]],
		"price_to_sales_hist_last_diff": "0",
		"operating_margin_prev": 0,
		"key_period": "-",
		"key_period_prev": "-",
		"leverage_industry_ratio": "39.60",
		"operating_margin_avg": 0,
		"operating_margin_prev_hist": [["2017-12-29", 0], ["2018-01-31", 0]],
		"operating_margin_prev_hist_last_diff": "0",
		"avg_revenue_growth_5y": 0,
		"revenue_growth_qq_last_year": 0,
		"avg_revenue_growth_5y_hist": [["2017-12-30", 0], ["2018-02-01", 0]],
		"avg_revenue_growth_5y_hist_last_diff": "0",
		"inst_own": 0,
		"inst_own_hist": [["2017-12-29", 0], ["2018-01-31", 0]],
		"inst_own_hist_last_diff": "0",
		"avgvalue": "10247.70",
		"avgper": "999.00",
		"avgoperating_margin": "0.00",
		"avgoperating_margin_prev": "0.00",
		"avgshares": "0.00",
		"avgemployees": "0.00",
		"avginst_own": "0.00",
		"avgrevenue": "0.00",
		"avgleverage": "99.00",
		"avgprice_to_sales": "99.00",
		"avgavg_revenue_growth_5y": "0.00",
		"heat_opportunity": "0.03",
		"eps_opportunity": "0.00",
		"eps_trend": "0.00",
		"high_yld_low_volatility_bonus": "0.00",
		"revenue_growth_bonus": "0.00",
		"revenue_growth_qq_last_year_hist": [["2018-02-01", 0]],
		"revenue_growth_qq_last_year_hist_last_diff": 0
	},
	"ACS:BME": {
		"name": "ACS",
		"market": "BME",
		"value": "32.26",
		"session_change": "+0.03",
		"session_change_percentage": "0.09",
		"title": "ACS Actividades de Constrccn y",
		"yield": "3.72",
		"dividend": "0.45",
		"range_52week": "28.34 - 36.75",
		"range_52week_high": "36.75",
		"range_52week_low": "28.34",
		"range_52week_heat": "0.47",
		"range_52week_volatility": "0.30",
		"divs_per_year": "3",
		"dividend_total_year": "1.35",
		"yield_per_ratio": "0.13",
		"beta": "-",
		"eps": "1.11",
		"per": "29.08",
		"roe": "20.12",
		"eps_hist_last_diff": "-5",
		"eps_hist": [["2017-03-02", "1.10"], ["2017-06-28", "1.12"], ["2017-08-01", "1.17"], ["2017-11-15", "1.11"]],
		"yield_hist_last_diff": "1",
		"yield_hist": [["2017-02-02", "3.98"], ["2017-12-29", "3.67"], ["2018-01-31", "3.72"]],
		"per_hist": [["2017-02-02", "13.02"], ["2017-12-29", "29.40"], ["2018-01-31", "29.08"]],
		"eps_hist_trend": "^",
		"avgyield_per_ratio": "0.16",
		"avgyield": "3.79",
		"date": "31 22:53",
		"h_souce": "0.23",
		"per_hist_last_diff": "-1",
		"avgper": "23.83",
		"value_hist": [["2017-12-29", "32.62"], ["2018-01-31", "32.26"]],
		"value_hist_last_diff": "-1",
		"shares": "0.31",
		"mktcap": "10.00",
		"shares_hist": [["2017-12-29", "0.31"], ["2018-01-31", "0.31"]],
		"shares_hist_last_diff": "0",
		"revenue": "31.98",
		"price_to_book": "2.64",
		"leverage": "8.32",
		"leverage_industry": 0,
		"revenue_hist": [["2017-12-30", "31.98"], ["2018-02-01", "31.98"]],
		"revenue_hist_last_diff": "0",
		"leverage_hist": [["2017-12-30", "8.32"], ["2018-02-01", "8.32"]],
		"leverage_hist_last_diff": "0",
		"operating_margin": "5.83",
		"employees": "179.2",
		"operating_margin_hist": [["2017-12-29", "5.83"], ["2018-01-31", "5.83"]],
		"operating_margin_hist_last_diff": "0",
		"employees_hist": [["2017-12-29", "179.2"], ["2018-01-31", "179.2"]],
		"employees_hist_last_diff": "0",
		"avgyield_per_ratio_original": "0.13",
		"price_to_sales": "0.30",
		"price_to_sales_hist": [["2017-12-30", "0.30"], ["2018-02-01", "0.30"]],
		"price_to_sales_hist_last_diff": "0",
		"operating_margin_prev": "3.80",
		"key_period": "2017-09-30",
		"key_period_prev": "2016-12-31a",
		"eps_hist_last_down": "-5",
		"leverage_industry_ratio": "3.33",
		"operating_margin_avg": "4.82",
		"operating_margin_prev_hist": [["2017-12-29", "3.80"], ["2018-01-31", "3.80"]],
		"operating_margin_prev_hist_last_diff": "0",
		"avg_revenue_growth_5y": "2.35",
		"revenue_growth_qq_last_year": "7.30",
		"avg_revenue_growth_5y_hist": [["2017-12-30", "2.35"], ["2018-02-01", "2.35"]],
		"avg_revenue_growth_5y_hist_last_diff": "0",
		"inst_own": 0,
		"inst_own_hist": [["2017-12-29", 0], ["2018-01-31", 0]],
		"inst_own_hist_last_diff": "0",
		"avgvalue": "32.44",
		"yield_hist_trend": "v",
		"per_hist_trend": "^",
		"avgoperating_margin": "5.83",
		"avgoperating_margin_prev": "3.80",
		"avgshares": "0.31",
		"avgemployees": "179.20",
		"avginst_own": "0.00",
		"avgrevenue": "31.98",
		"avgleverage": "8.32",
		"avgprice_to_sales": "0.30",
		"avgavg_revenue_growth_5y": "2.35",
		"revenue_growth_qq_last_year_hist": [["2018-02-01", "7.30"]],
		"revenue_growth_qq_last_year_hist_last_diff": 0,
		"heat_opportunity": "0.04",
		"eps_opportunity": "-0.03",
		"eps_trend": "-0.05",
		"high_yld_low_volatility_bonus": "0.05",
		"revenue_growth_bonus": "0.05"
	},
	"ACX:BME": {
		"name": "ACX",
		"market": "BME",
		"value": "11.85",
		"session_change": "-0.32",
		"session_change_percentage": "-2.67",
		"title": "Acerinox",
		"yield": "3.71",
		"dividend": "0.45",
		"range_52week": "10.60 - 14.18",
		"range_52week_high": "14.18",
		"range_52week_low": "10.60",
		"range_52week_heat": "0.35",
		"range_52week_volatility": "0.34",
		"divs_per_year": "1",
		"dividend_total_year": "0.45",
		"yield_per_ratio": "0.00",
		"beta": "-",
		"eps": "-",
		"per": 999,
		"roe": "-",
		"eps_hist_last_diff": "104",
		"eps_hist": [["2017-03-03", "0.31"], ["2017-08-01", "0.83"]],
		"yield_hist_last_diff": "1",
		"yield_hist": [["2017-02-02", "3.29"], ["2017-12-29", "3.69"], ["2018-01-31", "3.71"]],
		"per_hist": [["2017-03-03", "44.63"], ["2017-12-29", 999], ["2018-01-31", 999]],
		"avgyield_per_ratio": "0.03",
		"avgyield": "3.56",
		"date": "31 22:53",
		"h_souce": "0.21",
		"per_hist_last_diff": "0",
		"avgper": "680.88",
		"value_hist": [["2017-12-29", "11.91"], ["2018-01-31", "11.85"]],
		"value_hist_last_diff": "-1",
		"shares": "0.28",
		"mktcap": "3.32",
		"shares_hist": [["2017-12-29", "0.28"], ["2018-01-31", "0.28"]],
		"shares_hist_last_diff": "0",
		"revenue": "3.97",
		"leverage_industry": 0,
		"operating_margin": 0,
		"employees": "6.8",
		"operating_margin_hist": [["2017-12-29", 0], ["2018-01-31", 0]],
		"operating_margin_hist_last_diff": "0",
		"employees_hist": [["2017-12-29", "6.8"], ["2018-01-31", "6.8"]],
		"employees_hist_last_diff": "0",
		"avgyield_per_ratio_original": "0.04",
		"price_to_sales": "0.74",
		"leverage": 99,
		"price_to_book": "-",
		"revenue_hist": [["2017-12-30", "3.97"], ["2018-02-01", "3.97"]],
		"revenue_hist_last_diff": "0",
		"leverage_hist": [["2017-12-30", 99], ["2018-02-01", 99]],
		"leverage_hist_last_diff": "0",
		"price_to_sales_hist": [["2017-12-30", "0.72"], ["2018-02-01", "0.74"]],
		"price_to_sales_hist_last_diff": "3",
		"operating_margin_prev": "3.97",
		"key_period": "2017-09-30",
		"key_period_prev": "2016-12-31a",
		"leverage_industry_ratio": "39.60",
		"operating_margin_avg": 0,
		"operating_margin_prev_hist": [["2017-12-29", "3.97"], ["2018-01-31", "3.97"]],
		"operating_margin_prev_hist_last_diff": "0",
		"avg_revenue_growth_5y": "-3.21",
		"revenue_growth_qq_last_year": "5.90",
		"avg_revenue_growth_5y_hist": [["2017-12-30", "-3.21"], ["2018-02-01", "-3.21"]],
		"avg_revenue_growth_5y_hist_last_diff": "0",
		"inst_own": 0,
		"inst_own_hist": [["2017-12-29", 0], ["2018-01-31", 0]],
		"inst_own_hist_last_diff": "0",
		"avgvalue": "11.88",
		"yield_hist_trend": "\/",
		"per_hist_trend": "-",
		"avgoperating_margin": "0.00",
		"avgoperating_margin_prev": "3.97",
		"avgshares": "0.28",
		"avgemployees": "6.80",
		"avginst_own": "0.00",
		"avgrevenue": "3.97",
		"avgleverage": "99.00",
		"avgprice_to_sales": "0.73",
		"avgavg_revenue_growth_5y": "-3.21",
		"revenue_growth_qq_last_year_hist": [["2018-02-01", "5.90"]],
		"revenue_growth_qq_last_year_hist_last_diff": 0,
		"heat_opportunity": "0.05",
		"eps_opportunity": "0.03",
		"eps_trend": "0.00",
		"high_yld_low_volatility_bonus": "0.05",
		"revenue_growth_bonus": "0.05"
	},
	"AENA:BME": {
		"name": "AENA",
		"market": "BME",
		"value": "175.45",
		"session_change": "+1.20",
		"session_change_percentage": "0.69",
		"title": "Aena SME",
		"yield": "2.18",
		"dividend": "3.83",
		"range_52week": "132.25 - 184.90",
		"range_52week_high": "184.90",
		"range_52week_low": "132.25",
		"range_52week_heat": "0.82",
		"range_52week_volatility": "0.40",
		"divs_per_year": "1",
		"dividend_total_year": "3.83",
		"yield_per_ratio": "0.10",
		"beta": "-",
		"eps": "7.91",
		"per": "22.19",
		"roe": "39.21",
		"eps_hist_last_diff": "5",
		"eps_hist": [["2017-02-24", "7.76"], ["2017-04-28", "8.11"], ["2017-07-28", "7.55"], ["2017-10-26", "7.91"]],
		"yield_hist_last_diff": "-4",
		"yield_hist": [["2017-02-02", "2.03"], ["2017-12-29", "2.27"], ["2018-01-31", "2.18"]],
		"per_hist": [["2017-02-02", "17.62"], ["2017-12-29", "21.37"], ["2018-01-31", "22.19"]],
		"eps_hist_last_down": "-7",
		"eps_hist_trend": "v",
		"avgyield_per_ratio": "0.52",
		"avgyield": "2.16",
		"date": "31 22:53",
		"h_souce": "0.61",
		"per_hist_last_diff": "4",
		"avgper": "20.39",
		"value_hist": [["2017-12-29", "169.00"], ["2018-01-31", "175.45"]],
		"value_hist_last_diff": "4",
		"shares": "0.15",
		"mktcap": "26.32",
		"shares_hist": [["2017-12-29", "0.15"], ["2018-01-31", "0.15"]],
		"shares_hist_last_diff": "0",
		"revenue": "3.71",
		"price_to_book": "4.83",
		"leverage": "2.87",
		"leverage_industry": 0,
		"operating_margin": "57.11",
		"employees": "8.1",
		"operating_margin_hist": [["2017-12-29", "57.11"], ["2018-01-31", "57.11"]],
		"operating_margin_hist_last_diff": "0",
		"employees_hist": [["2017-12-29", "8.1"], ["2018-01-31", "8.1"]],
		"employees_hist_last_diff": "0",
		"avgyield_per_ratio_original": "0.10",
		"price_to_sales": "6.68",
		"revenue_hist": [["2017-12-30", "3.71"], ["2018-02-01", "3.71"]],
		"revenue_hist_last_diff": "0",
		"leverage_hist": [["2017-12-30", "2.87"], ["2018-02-01", "2.87"]],
		"leverage_hist_last_diff": "0",
		"price_to_sales_hist": [["2017-12-30", "6.48"], ["2018-02-01", "6.68"]],
		"price_to_sales_hist_last_diff": "3",
		"operating_margin_prev": "39.45",
		"key_period": "2017-09-30",
		"key_period_prev": "2016-12-31a",
		"leverage_industry_ratio": "1.15",
		"operating_margin_avg": "48.28",
		"operating_margin_prev_hist": [["2017-12-29", "39.45"], ["2018-01-31", "39.45"]],
		"operating_margin_prev_hist_last_diff": "0",
		"avg_revenue_growth_5y": "20.52",
		"revenue_growth_qq_last_year": "7.00",
		"avg_revenue_growth_5y_hist": [["2017-12-30", "20.52"], ["2018-02-01", "20.52"]],
		"avg_revenue_growth_5y_hist_last_diff": "0",
		"inst_own": 0,
		"inst_own_hist": [["2017-12-29", 0], ["2018-01-31", 0]],
		"inst_own_hist_last_diff": "0",
		"avgvalue": "172.23",
		"yield_hist_trend": "^",
		"per_hist_trend": "\/",
		"avgoperating_margin": "57.11",
		"avgoperating_margin_prev": "39.45",
		"avgshares": "0.15",
		"avgemployees": "8.10",
		"avginst_own": "0.00",
		"avgrevenue": "3.71",
		"avgleverage": "2.87",
		"avgprice_to_sales": "6.58",
		"avgavg_revenue_growth_5y": "20.52",
		"revenue_growth_qq_last_year_hist": [["2018-02-01", "7.00"]],
		"revenue_growth_qq_last_year_hist_last_diff": 0,
		"heat_opportunity": "0.01",
		"eps_opportunity": "0.03",
		"eps_trend": "0.05",
		"high_yld_low_volatility_bonus": "0.00",
		"revenue_growth_bonus": "0.00"
	},
	"AMS:BME": {
		"name": "AMS",
		"market": "BME",
		"value": "62.48",
		"session_change": "+0.60",
		"session_change_percentage": "0.97",
		"title": "Amadeus It Group",
		"yield": "1.63",
		"dividend": "0.48",
		"range_52week": "42.31 - 64.20",
		"range_52week_high": "64.20",
		"range_52week_low": "42.31",
		"range_52week_heat": "0.92",
		"range_52week_volatility": "0.52",
		"divs_per_year": "2",
		"dividend_total_year": "0.96",
		"yield_per_ratio": "0.06",
		"beta": "-",
		"eps": "2.13",
		"per": "29.32",
		"roe": "32.45",
		"eps_hist_last_diff": 0,
		"eps_hist": [["2017-02-28", "1.89"], ["2017-05-09", "2.01"], ["2017-08-01", "2.07"], ["2017-11-21", "2.13"]],
		"yield_hist_last_diff": "-4",
		"yield_hist": [["2017-02-02", "1.92"], ["2017-12-29", "1.70"], ["2018-01-31", "1.63"]],
		"per_hist": [["2017-02-02", "24.04"], ["2017-12-29", "28.21"], ["2018-01-31", "29.32"]],
		"eps_hist_trend": "\/",
		"avgyield_per_ratio": "0.37",
		"avgyield": "1.75",
		"date": "31 23:02",
		"h_souce": "0.37",
		"per_hist_last_diff": "4",
		"avgper": "27.19",
		"value_hist": [["2017-12-29", "60.11"], ["2018-01-31", "62.48"]],
		"value_hist_last_diff": "4",
		"shares": "0.44",
		"mktcap": "27.49",
		"shares_hist": [["2017-12-29", "0.44"], ["2018-01-31", "0.44"]],
		"shares_hist_last_diff": "0",
		"revenue": "4.47",
		"price_to_book": "8.58",
		"leverage": "2.62",
		"leverage_industry": 0,
		"revenue_hist": [["2017-12-30", "4.47"], ["2018-02-01", "4.47"]],
		"revenue_hist_last_diff": "0",
		"leverage_hist": [["2017-12-30", "2.62"], ["2018-02-01", "2.62"]],
		"leverage_hist_last_diff": "0",
		"operating_margin": "28.20",
		"employees": "14.9",
		"operating_margin_hist": [["2017-12-29", "28.20"], ["2018-01-31", "28.20"]],
		"operating_margin_hist_last_diff": "0",
		"employees_hist": [["2017-12-29", "14.9"], ["2018-01-31", "14.9"]],
		"employees_hist_last_diff": "0",
		"avgyield_per_ratio_original": "0.06",
		"price_to_sales": "5.67",
		"price_to_sales_hist": [["2017-12-30", "5.50"], ["2018-02-01", "5.67"]],
		"price_to_sales_hist_last_diff": "3",
		"operating_margin_prev": "27.10",
		"key_period": "2017-09-30",
		"key_period_prev": "2016-12-31a",
		"leverage_industry_ratio": "1.05",
		"operating_margin_avg": "27.65",
		"operating_margin_prev_hist": [["2017-12-29", "27.10"], ["2018-01-31", "27.10"]],
		"operating_margin_prev_hist_last_diff": "0",
		"avg_revenue_growth_5y": "10.15",
		"revenue_growth_qq_last_year": "7.60",
		"avg_revenue_growth_5y_hist": [["2017-12-30", "10.15"], ["2018-02-01", "10.15"]],
		"avg_revenue_growth_5y_hist_last_diff": "0",
		"inst_own": 0,
		"inst_own_hist": [["2017-12-29", 0], ["2018-01-31", 0]],
		"inst_own_hist_last_diff": "0",
		"avgvalue": "61.30",
		"yield_hist_trend": "\\",
		"per_hist_trend": "\/",
		"avgoperating_margin": "28.20",
		"avgoperating_margin_prev": "27.10",
		"avgshares": "0.44",
		"avgemployees": "14.90",
		"avginst_own": "0.00",
		"avgrevenue": "4.47",
		"avgleverage": "2.62",
		"avgprice_to_sales": "5.59",
		"avgavg_revenue_growth_5y": "10.15",
		"revenue_growth_qq_last_year_hist": [["2018-02-01", "7.60"]],
		"revenue_growth_qq_last_year_hist_last_diff": 0,
		"heat_opportunity": "0.01",
		"eps_opportunity": "0.00",
		"eps_trend": "0.00",
		"high_yld_low_volatility_bonus": "0.00",
		"revenue_growth_bonus": "0.00"
	},
	"ANA:BME": {
		"name": "ANA",
		"market": "BME",
		"value": "72.94",
		"session_change": "+0.84",
		"session_change_percentage": "1.17",
		"title": "Acciona",
		"yield": "3.94",
		"dividend": "2.88",
		"range_52week": "64.02 - 86.00",
		"range_52week_high": "86.00",
		"range_52week_low": "64.02",
		"range_52week_heat": "0.41",
		"range_52week_volatility": "0.34",
		"divs_per_year": "1",
		"dividend_total_year": "2.88",
		"yield_per_ratio": "0.22",
		"beta": "-",
		"eps": "4.04",
		"per": "18.07",
		"roe": "16.27",
		"eps_hist_last_diff": 0,
		"eps_hist": [["2017-11-10", "4.04"]],
		"yield_hist_last_diff": "-7",
		"yield_hist": [["2017-02-02", "3.41"], ["2017-12-29", "4.23"], ["2018-01-31", "3.94"]],
		"per_hist": [["2017-02-02", "12.16"], ["2017-12-29", "16.86"], ["2018-01-31", "18.07"]],
		"eps_hist_last_down": "-151",
		"eps_hist_trend": "^",
		"avgyield_per_ratio": "0.39",
		"avgyield": "3.86",
		"date": "31 23:02",
		"h_souce": "0.54",
		"value_hist": [["2017-12-29", "68.04"], ["2018-01-31", "72.94"]],
		"per_hist_last_diff": "7",
		"avgper": "15.70",
		"value_hist_last_diff": "7",
		"shares": "0.06",
		"mktcap": "4.38",
		"shares_hist": [["2017-12-29", "0.06"], ["2018-01-31", "0.06"]],
		"shares_hist_last_diff": "0",
		"revenue": "5.98",
		"price_to_book": "1.08",
		"leverage": "4.67",
		"leverage_industry": 0,
		"revenue_hist": [["2017-12-30", "5.98"], ["2018-02-01", "5.98"]],
		"revenue_hist_last_diff": "0",
		"leverage_hist": [["2017-12-30", "4.67"], ["2018-02-01", "4.67"]],
		"leverage_hist_last_diff": "0",
		"operating_margin": "12.07",
		"employees": "32.2",
		"operating_margin_hist": [["2017-12-29", "12.07"], ["2018-01-31", "12.07"]],
		"operating_margin_hist_last_diff": "0",
		"employees_hist": [["2017-12-29", "32.2"], ["2018-01-31", "32.2"]],
		"employees_hist_last_diff": "0",
		"avgyield_per_ratio_original": "0.21",
		"price_to_sales": "0.59",
		"price_to_sales_hist": [["2017-12-30", "0.56"], ["2018-02-01", "0.59"]],
		"price_to_sales_hist_last_diff": "5",
		"operating_margin_prev": "16.53",
		"key_period": "2017-09-30",
		"key_period_prev": "2016-12-31a",
		"leverage_industry_ratio": "1.87",
		"operating_margin_avg": "14.30",
		"operating_margin_prev_hist": [["2017-12-29", "16.53"], ["2018-01-31", "16.53"]],
		"operating_margin_prev_hist_last_diff": "0",
		"avg_revenue_growth_5y": "-2.10",
		"revenue_growth_qq_last_year": "24.70",
		"avg_revenue_growth_5y_hist": [["2017-12-30", "-2.10"], ["2018-02-01", "-2.10"]],
		"avg_revenue_growth_5y_hist_last_diff": "0",
		"inst_own": 0,
		"inst_own_hist": [["2017-12-29", 0], ["2018-01-31", 0]],
		"inst_own_hist_last_diff": "0",
		"avgvalue": "70.49",
		"yield_hist_trend": "^",
		"per_hist_trend": "\/",
		"avgoperating_margin": "12.07",
		"avgoperating_margin_prev": "16.53",
		"avgshares": "0.06",
		"avgemployees": "32.20",
		"avginst_own": "0.00",
		"avgrevenue": "5.98",
		"avgleverage": "4.67",
		"avgprice_to_sales": "0.58",
		"avgavg_revenue_growth_5y": "-2.10",
		"revenue_growth_qq_last_year_hist": [["2018-02-01", "24.70"]],
		"revenue_growth_qq_last_year_hist_last_diff": 0,
		"heat_opportunity": "0.04",
		"eps_opportunity": "0.00",
		"eps_trend": "0.00",
		"high_yld_low_volatility_bonus": "0.05",
		"revenue_growth_bonus": "0.05"
	},
	"BBVA:BME": {
		"name": "BBVA",
		"market": "BME",
		"value": "7.57",
		"session_change": "0.00",
		"session_change_percentage": "0.07",
		"title": "Banco Bilbao Vizcaya Argentari",
		"yield": "3.96",
		"dividend": "0.09",
		"range_52week": "5.92 - 7.93",
		"range_52week_high": "7.93",
		"range_52week_low": "5.92",
		"range_52week_heat": "0.82",
		"range_52week_volatility": "0.34",
		"divs_per_year": "3",
		"dividend_total_year": "0.27",
		"yield_per_ratio": "0.32",
		"beta": "-",
		"eps": "0.60",
		"per": "12.55",
		"roe": "9.64",
		"eps_hist_last_diff": 0,
		"eps_hist": [["2017-11-10", "0.60"]],
		"yield_hist_last_diff": "-6",
		"yield_hist": [["2017-02-02", "5.98"], ["2017-12-29", "4.22"], ["2018-01-31", "3.96"]],
		"per_hist": [["2017-02-02", "11.47"], ["2017-12-29", "11.79"], ["2018-01-31", "12.55"]],
		"eps_hist_trend": "^",
		"avgyield_per_ratio": "0.70",
		"avgyield": "4.72",
		"date": "31 23:02",
		"h_souce": "0.81",
		"value_hist": [["2017-12-29", "7.11"], ["2018-01-31", "7.57"]],
		"per_hist_last_diff": "6",
		"avgper": "11.94",
		"value_hist_last_diff": "6",
		"shares": "6.66",
		"mktcap": "50.42",
		"shares_hist": [["2017-12-29", "6.66"], ["2018-01-31", "6.66"]],
		"shares_hist_last_diff": "0",
		"revenue": "29.32",
		"price_to_book": "1.07",
		"leverage": "14.60",
		"leverage_industry": 0,
		"operating_margin": "24.34",
		"employees": "132.0",
		"operating_margin_hist": [["2017-12-29", "24.34"], ["2018-01-31", "24.34"]],
		"operating_margin_hist_last_diff": "0",
		"employees_hist": [["2017-12-29", "132.0"], ["2018-01-31", "132.0"]],
		"employees_hist_last_diff": "0",
		"avgyield_per_ratio_original": "0.32",
		"price_to_sales": "1.66",
		"revenue_hist": [["2017-12-30", "29.32"], ["2018-02-01", "29.32"]],
		"revenue_hist_last_diff": "0",
		"leverage_hist": [["2017-12-30", "14.60"], ["2018-02-01", "14.60"]],
		"leverage_hist_last_diff": "0",
		"price_to_sales_hist": [["2017-12-30", "1.56"], ["2018-02-01", "1.66"]],
		"price_to_sales_hist_last_diff": "6",
		"operating_margin_prev": "20.30",
		"key_period": "2017-09-30",
		"key_period_prev": "2016-12-31a",
		"leverage_industry_ratio": "1.46",
		"operating_margin_avg": "22.32",
		"operating_margin_prev_hist": [["2017-12-29", "20.30"], ["2018-01-31", "20.30"]],
		"operating_margin_prev_hist_last_diff": "0",
		"avg_revenue_growth_5y": "3.59",
		"revenue_growth_qq_last_year": "41.90",
		"avg_revenue_growth_5y_hist": [["2017-12-30", "3.59"], ["2018-02-01", "3.59"]],
		"avg_revenue_growth_5y_hist_last_diff": "0",
		"inst_own": 0,
		"inst_own_hist": [["2017-12-29", 0], ["2018-01-31", 0]],
		"inst_own_hist_last_diff": "0",
		"avgvalue": "7.34",
		"yield_hist_trend": "\\",
		"per_hist_trend": "\/",
		"avgoperating_margin": "24.34",
		"avgoperating_margin_prev": "20.30",
		"avgshares": "6.66",
		"avgemployees": "132.00",
		"avginst_own": "0.00",
		"avgrevenue": "29.32",
		"avgleverage": "14.60",
		"avgprice_to_sales": "1.61",
		"avgavg_revenue_growth_5y": "3.59",
		"revenue_growth_qq_last_year_hist": [["2018-02-01", "41.90"]],
		"revenue_growth_qq_last_year_hist_last_diff": 0,
		"heat_opportunity": "0.01",
		"eps_opportunity": "0.00",
		"eps_trend": "0.00",
		"high_yld_low_volatility_bonus": "0.05",
		"revenue_growth_bonus": "0.05"
	},
	"BKIA:BME": {
		"name": "BKIA",
		"market": "BME",
		"value": "4.08",
		"session_change": "-0.01",
		"session_change_percentage": "-0.12",
		"title": "Bankia",
		"yield": "2.70",
		"dividend": "0.11",
		"range_52week": "3.62 - 4.68",
		"range_52week_high": "4.68",
		"range_52week_low": "3.62",
		"range_52week_heat": "0.43",
		"range_52week_volatility": "0.29",
		"divs_per_year": "1",
		"dividend_total_year": "0.11",
		"yield_per_ratio": "0.19",
		"beta": "-",
		"eps": "0.28",
		"per": "14.38",
		"roe": "6.98",
		"eps_hist_last_diff": 0,
		"eps_hist": [["2017-11-01", "0.28"]],
		"yield_hist_last_diff": "-2",
		"yield_hist": [["2017-02-02", "2.64"], ["2017-12-29", "2.76"], ["2018-01-31", "2.70"]],
		"per_hist": [["2017-02-02", "14.17"], ["2017-12-29", "14.05"], ["2018-01-31", "14.38"]],
		"eps_hist_trend": "^",
		"avgyield_per_ratio": "0.27",
		"avgyield": "2.70",
		"date": "31 23:02",
		"h_souce": "0.37",
		"value_hist": [["2017-12-29", "3.99"], ["2018-01-31", "4.08"]],
		"per_hist_last_diff": "2",
		"avgper": "14.20",
		"value_hist_last_diff": "2",
		"shares": "3.07",
		"mktcap": "12.53",
		"shares_hist": [["2017-12-29", "2.87"], ["2018-01-31", "3.07"]],
		"shares_hist_last_diff": "7",
		"revenue": "3.09",
		"price_to_book": "0.96",
		"leverage": "13.78",
		"leverage_industry": 0,
		"revenue_hist": [["2017-12-30", "3.09"], ["2018-02-01", "3.09"]],
		"revenue_hist_last_diff": "0",
		"leverage_hist": [["2017-12-30", "13.78"], ["2018-02-01", "13.78"]],
		"leverage_hist_last_diff": "0",
		"operating_margin": "33.81",
		"employees": "13.5",
		"operating_margin_hist": [["2017-12-29", "33.81"], ["2018-01-31", "33.81"]],
		"operating_margin_hist_last_diff": "0",
		"employees_hist": [["2017-12-29", "13.5"], ["2018-01-31", "13.5"]],
		"employees_hist_last_diff": "0",
		"avgyield_per_ratio_original": "0.19",
		"price_to_sales": "3.79",
		"price_to_sales_hist": [["2017-12-30", "3.70"], ["2018-02-01", "3.79"]],
		"price_to_sales_hist_last_diff": "2",
		"operating_margin_prev": "28.04",
		"key_period": "2017-09-30",
		"key_period_prev": "2016-12-31a",
		"leverage_industry_ratio": "1.38",
		"operating_margin_avg": "30.93",
		"operating_margin_prev_hist": [["2017-12-29", "28.04"], ["2018-01-31", "28.04"]],
		"operating_margin_prev_hist_last_diff": "0",
		"avg_revenue_growth_5y": "-7.51",
		"revenue_growth_qq_last_year": "1.00",
		"avg_revenue_growth_5y_hist": [["2017-12-30", "-7.51"], ["2018-02-01", "-7.51"]],
		"avg_revenue_growth_5y_hist_last_diff": "0",
		"inst_own": 0,
		"inst_own_hist": [["2017-12-29", 0], ["2018-01-31", 0]],
		"inst_own_hist_last_diff": "0",
		"avgvalue": "4.04",
		"yield_hist_trend": "^",
		"per_hist_trend": "v",
		"avgoperating_margin": "33.81",
		"avgoperating_margin_prev": "28.04",
		"avgshares": "2.97",
		"avgemployees": "13.50",
		"avginst_own": "0.00",
		"avgrevenue": "3.09",
		"avgleverage": "13.78",
		"avgprice_to_sales": "3.75",
		"avgavg_revenue_growth_5y": "-7.51",
		"heat_opportunity": "0.04",
		"eps_opportunity": "0.00",
		"eps_trend": "0.00",
		"high_yld_low_volatility_bonus": "0.00",
		"revenue_growth_bonus": "0.05",
		"revenue_growth_qq_last_year_hist": [["2018-02-01", "1.00"]],
		"revenue_growth_qq_last_year_hist_last_diff": 0
	},
	"BKT:BME": {
		"name": "BKT",
		"market": "BME",
		"value": "9.26",
		"session_change": "+0.05",
		"session_change_percentage": "0.50",
		"title": "Bankinter",
		"yield": "2.70",
		"dividend": "0.06",
		"range_52week": "7.14 - 9.37",
		"range_52week_high": "9.37",
		"range_52week_low": "7.14",
		"range_52week_heat": "0.95",
		"range_52week_volatility": "0.31",
		"divs_per_year": "4",
		"dividend_total_year": "0.24",
		"yield_per_ratio": "0.15",
		"beta": "-",
		"eps": "0.52",
		"per": "17.86",
		"roe": "12.71",
		"eps_hist_last_diff": 0,
		"eps_hist": [["2017-11-20", "0.52"]],
		"yield_hist_last_diff": "-15",
		"yield_hist": [["2017-02-02", "2.79"], ["2017-12-29", "3.16"], ["2018-01-31", "2.70"]],
		"per_hist": [["2017-02-02", "14.23"], ["2017-12-29", "15.24"], ["2018-01-31", "17.86"]],
		"eps_hist_last_down": "-9",
		"avgyield_per_ratio": "0.35",
		"avgyield": "2.88",
		"date": "31 23:02",
		"h_souce": "0.40",
		"value_hist": [["2017-12-29", "7.90"], ["2018-01-31", "9.26"]],
		"per_hist_last_diff": "17",
		"avgper": "15.78",
		"value_hist_last_diff": "17",
		"shares": "0.90",
		"mktcap": "8.33",
		"shares_hist": [["2017-12-29", "0.90"], ["2018-01-31", "0.90"]],
		"shares_hist_last_diff": "0",
		"revenue": "2.02",
		"price_to_book": "1.93",
		"leverage": "16.25",
		"leverage_industry": 0,
		"operating_margin": "37.40",
		"employees": "5.6",
		"operating_margin_hist": [["2017-12-29", "37.40"], ["2018-01-31", "37.40"]],
		"operating_margin_hist_last_diff": "0",
		"employees_hist": [["2017-12-29", "5.6"], ["2018-01-31", "5.6"]],
		"employees_hist_last_diff": "0",
		"avgyield_per_ratio_original": "0.15",
		"price_to_sales": "3.85",
		"revenue_hist": [["2017-12-30", "2.02"], ["2018-02-01", "2.02"]],
		"revenue_hist_last_diff": "0",
		"leverage_hist": [["2017-12-30", "16.25"], ["2018-02-01", "16.25"]],
		"leverage_hist_last_diff": "0",
		"price_to_sales_hist": [["2017-12-30", "3.30"], ["2018-02-01", "3.85"]],
		"price_to_sales_hist_last_diff": "17",
		"operating_margin_prev": "27.67",
		"key_period": "2017-09-30",
		"key_period_prev": "2016-12-31a",
		"leverage_industry_ratio": "1.63",
		"operating_margin_avg": "32.54",
		"operating_margin_prev_hist": [["2017-12-29", "27.67"], ["2018-01-31", "27.67"]],
		"operating_margin_prev_hist_last_diff": "0",
		"avg_revenue_growth_5y": "5.11",
		"revenue_growth_qq_last_year": "10.30",
		"avg_revenue_growth_5y_hist": [["2017-12-30", "5.11"], ["2018-02-01", "5.11"]],
		"avg_revenue_growth_5y_hist_last_diff": "0",
		"inst_own": 0,
		"inst_own_hist": [["2017-12-29", 0], ["2018-01-31", 0]],
		"inst_own_hist_last_diff": "0",
		"avgvalue": "8.58",
		"yield_hist_trend": "^",
		"per_hist_trend": "\/",
		"avgoperating_margin": "37.40",
		"avgoperating_margin_prev": "27.67",
		"avgshares": "0.90",
		"avgemployees": "5.60",
		"avginst_own": "0.00",
		"avgrevenue": "2.02",
		"avgleverage": "16.25",
		"avgprice_to_sales": "3.58",
		"avgavg_revenue_growth_5y": "5.11",
		"heat_opportunity": "0.00",
		"eps_opportunity": "0.00",
		"eps_trend": "0.00",
		"high_yld_low_volatility_bonus": "0.00",
		"revenue_growth_bonus": "0.05",
		"revenue_growth_qq_last_year_hist": [["2018-02-01", "10.30"]],
		"revenue_growth_qq_last_year_hist_last_diff": 0
	},
	"CABK:BME": {
		"name": "CABK",
		"market": "BME",
		"value": "4.35",
		"session_change": "+0.02",
		"session_change_percentage": "0.35",
		"title": "CaixaBank",
		"yield": "3.91",
		"dividend": "0.07",
		"range_52week": "3.17 - 4.51",
		"range_52week_high": "4.51",
		"range_52week_low": "3.17",
		"range_52week_heat": "0.88",
		"range_52week_volatility": "0.42",
		"divs_per_year": "2",
		"dividend_total_year": "0.14",
		"yield_per_ratio": "0.24",
		"beta": "-",
		"eps": "0.27",
		"per": "16.38",
		"roe": "10.72",
		"eps_hist_last_diff": 0,
		"eps_hist": [["2017-10-26", "0.27"]],
		"yield_hist_last_diff": "-11",
		"yield_hist": [["2017-12-29", "4.37"], ["2018-01-31", "3.91"]],
		"per_hist": [["2017-12-29", "14.65"], ["2018-01-31", "16.38"]],
		"avgyield_per_ratio": "0.50",
		"avgyield": "4.14",
		"date": "31 23:06",
		"h_souce": "0.56",
		"value_hist": [["2017-12-29", "3.89"], ["2018-01-31", "4.35"]],
		"per_hist_last_diff": "12",
		"value_hist_last_diff": "12",
		"shares": "5.98",
		"mktcap": "26.01",
		"shares_hist": [["2017-12-29", "5.98"], ["2018-01-31", "5.98"]],
		"shares_hist_last_diff": "0",
		"revenue": "7.99",
		"price_to_book": "1.05",
		"leverage": "15.42",
		"leverage_industry": 0,
		"revenue_hist": [["2017-12-30", "7.99"], ["2018-02-01", "7.99"]],
		"revenue_hist_last_diff": "0",
		"leverage_hist": [["2017-12-30", "15.42"], ["2018-02-01", "15.42"]],
		"leverage_hist_last_diff": "0",
		"operating_margin": "37.72",
		"employees": "37.3",
		"operating_margin_hist": [["2017-12-29", "37.72"], ["2018-01-31", "37.72"]],
		"operating_margin_hist_last_diff": "0",
		"employees_hist": [["2017-12-29", "37.3"], ["2018-01-31", "37.3"]],
		"employees_hist_last_diff": "0",
		"avgyield_per_ratio_original": "0.24",
		"price_to_sales": "3.03",
		"price_to_sales_hist": [["2017-12-30", "2.72"], ["2018-02-01", "3.03"]],
		"price_to_sales_hist_last_diff": "11",
		"operating_margin_prev": "16.09",
		"key_period": "2017-09-30",
		"key_period_prev": "2016-12-31a",
		"leverage_industry_ratio": "1.54",
		"operating_margin_avg": "26.91",
		"operating_margin_prev_hist": [["2017-12-29", "16.09"], ["2018-01-31", "16.09"]],
		"operating_margin_prev_hist_last_diff": "0",
		"avg_revenue_growth_5y": "1.15",
		"revenue_growth_qq_last_year": "41.20",
		"avg_revenue_growth_5y_hist": [["2017-12-30", "1.15"], ["2018-02-01", "1.15"]],
		"avg_revenue_growth_5y_hist_last_diff": "0",
		"inst_own": 0,
		"inst_own_hist": [["2017-12-29", 0], ["2018-01-31", 0]],
		"inst_own_hist_last_diff": "0",
		"avgvalue": "4.12",
		"avgper": "15.52",
		"avgoperating_margin": "37.72",
		"avgoperating_margin_prev": "16.09",
		"avgshares": "5.98",
		"avgemployees": "37.30",
		"avginst_own": "0.00",
		"avgrevenue": "7.99",
		"avgleverage": "15.42",
		"avgprice_to_sales": "2.88",
		"avgavg_revenue_growth_5y": "1.15",
		"heat_opportunity": "0.01",
		"eps_opportunity": "0.00",
		"eps_trend": "0.00",
		"high_yld_low_volatility_bonus": "0.00",
		"revenue_growth_bonus": "0.05",
		"revenue_growth_qq_last_year_hist": [["2018-02-01", "41.20"]],
		"revenue_growth_qq_last_year_hist_last_diff": 0
	},
	"DIA:BME": {
		"name": "DIA",
		"market": "BME",
		"value": "4.30",
		"session_change": "-0.09",
		"session_change_percentage": "-2.03",
		"title": "Distribuidora Inter de Aliment",
		"yield": "4.88",
		"dividend": "0.21",
		"range_52week": "3.86 - 6.41",
		"range_52week_high": "6.41",
		"range_52week_low": "3.86",
		"range_52week_heat": "0.17",
		"range_52week_volatility": "0.66",
		"divs_per_year": "1",
		"dividend_total_year": "0.21",
		"yield_per_ratio": "0.33",
		"beta": "-",
		"eps": "0.29",
		"per": "14.78",
		"roe": "37.01",
		"eps_hist_last_diff": 0,
		"eps_hist": [["2017-02-27", "0.28"], ["2017-08-04", "0.29"]],
		"yield_hist_last_diff": "0",
		"yield_hist": [["2017-02-02", "3.98"], ["2017-12-29", "4.88"], ["2018-01-31", "4.88"]],
		"per_hist": [["2017-02-27", "17.88"], ["2017-12-29", "14.79"], ["2018-01-31", "14.78"]],
		"avgyield_per_ratio": "0.14",
		"avgyield": "4.58",
		"date": "31 23:06",
		"h_souce": "0.23",
		"value_hist": [["2017-12-29", "4.30"], ["2018-01-31", "4.30"]],
		"per_hist_last_diff": "-0",
		"avgper": "15.82",
		"value_hist_last_diff": "0",
		"shares": "0.61",
		"mktcap": "2.62",
		"shares_hist": [["2017-12-29", "0.61"], ["2018-01-31", "0.61"]],
		"shares_hist_last_diff": "0",
		"revenue": "8.87",
		"price_to_book": "8.31",
		"leverage": "11.44",
		"leverage_industry": 0,
		"revenue_hist": [["2017-12-30", "8.87"], ["2018-02-01", "8.87"]],
		"revenue_hist_last_diff": "0",
		"leverage_hist": [["2017-12-30", "11.44"], ["2018-02-01", "11.44"]],
		"leverage_hist_last_diff": "0",
		"operating_margin": "2.67",
		"employees": "41.6",
		"operating_margin_hist": [["2017-12-29", "2.67"], ["2018-01-31", "2.67"]],
		"operating_margin_hist_last_diff": "0",
		"employees_hist": [["2017-12-29", "41.6"], ["2018-01-31", "41.6"]],
		"employees_hist_last_diff": "0",
		"avgyield_per_ratio_original": "0.31",
		"price_to_sales": "0.31",
		"price_to_sales_hist": [["2017-12-30", "0.30"], ["2018-02-01", "0.31"]],
		"price_to_sales_hist_last_diff": "3",
		"operating_margin_prev": "3.33",
		"key_period": "2017-06-30",
		"key_period_prev": "2016-12-31a",
		"leverage_industry_ratio": "4.58",
		"operating_margin_avg": "3.00",
		"operating_margin_prev_hist": [["2017-12-29", "3.33"], ["2018-01-31", "3.33"]],
		"operating_margin_prev_hist_last_diff": "0",
		"avg_revenue_growth_5y": "-1.94",
		"revenue_growth_qq_last_year": "-6.40",
		"avg_revenue_growth_5y_hist": [["2017-12-30", "-1.94"], ["2018-02-01", "-1.94"]],
		"avg_revenue_growth_5y_hist_last_diff": "0",
		"inst_own": 0,
		"inst_own_hist": [["2017-12-29", 0], ["2018-01-31", 0]],
		"inst_own_hist_last_diff": "0",
		"avgvalue": "4.30",
		"yield_hist_trend": "-",
		"per_hist_trend": "\\",
		"avgoperating_margin": "2.67",
		"avgoperating_margin_prev": "3.33",
		"avgshares": "0.61",
		"avgemployees": "41.60",
		"avginst_own": "0.00",
		"avgrevenue": "8.87",
		"avgleverage": "11.44",
		"avgprice_to_sales": "0.31",
		"avgavg_revenue_growth_5y": "-1.94",
		"heat_opportunity": "0.08",
		"eps_opportunity": "0.00",
		"eps_trend": "0.00",
		"high_yld_low_volatility_bonus": "0.00",
		"revenue_growth_bonus": "0.00",
		"revenue_growth_qq_last_year_hist": [["2018-02-01", "-6.40"]],
		"revenue_growth_qq_last_year_hist_last_diff": 0
	},
	"ELE:BME": {
		"name": "ELE",
		"market": "BME",
		"value": "18.10",
		"session_change": "+0.07",
		"session_change_percentage": "0.39",
		"title": "Endesa",
		"yield": "7.36",
		"dividend": "0.70",
		"range_52week": "17.67 - 22.89",
		"range_52week_high": "22.89",
		"range_52week_low": "17.67",
		"range_52week_heat": "0.08",
		"range_52week_volatility": "0.30",
		"divs_per_year": "2",
		"dividend_total_year": "1.40",
		"yield_per_ratio": "0.46",
		"beta": "-",
		"eps": "1.12",
		"per": "16.12",
		"roe": "19.02",
		"eps_hist_last_diff": "-7",
		"eps_hist": [["2017-02-28", "1.33"], ["2017-05-12", "1.25"], ["2017-07-31", "1.20"], ["2017-11-09", "1.12"]],
		"yield_hist_last_diff": "-1",
		"yield_hist": [["2017-02-02", "6.91"], ["2017-12-29", "7.47"], ["2018-01-31", "7.36"]],
		"per_hist": [["2017-02-02", "17.14"], ["2017-12-29", "15.91"], ["2018-01-31", "16.12"]],
		"eps_hist_last_down": "-7",
		"eps_hist_trend": "\\",
		"avgyield_per_ratio": "0.41",
		"avgyield": "6.97",
		"date": "31 23:06",
		"h_souce": "0.45",
		"value_hist": [["2017-12-29", "17.85"], ["2018-01-31", "18.10"]],
		"per_hist_last_diff": "1",
		"avgper": "16.39",
		"value_hist_last_diff": "1",
		"shares": "1.06",
		"mktcap": "19.19",
		"shares_hist": [["2017-12-29", "1.06"], ["2018-01-31", "1.06"]],
		"shares_hist_last_diff": "0",
		"revenue": "18.31",
		"price_to_book": "2.05",
		"leverage": "3.33",
		"leverage_industry": 0,
		"price_to_sales": "1.00",
		"revenue_hist": [["2017-12-30", "18.31"], ["2018-02-01", "18.31"]],
		"revenue_hist_last_diff": "0",
		"leverage_hist": [["2017-12-30", "3.33"], ["2018-02-01", "3.33"]],
		"leverage_hist_last_diff": "0",
		"price_to_sales_hist": [["2017-12-30", "0.99"], ["2018-02-01", "1.00"]],
		"price_to_sales_hist_last_diff": "1",
		"operating_margin": "11.93",
		"employees": "9.8",
		"operating_margin_hist": [["2017-12-29", "11.93"], ["2018-01-31", "11.93"]],
		"operating_margin_hist_last_diff": "0",
		"employees_hist": [["2017-12-29", "9.8"], ["2018-01-31", "9.8"]],
		"employees_hist_last_diff": "0",
		"avgyield_per_ratio_original": "0.43",
		"operating_margin_prev": "10.35",
		"key_period": "2017-09-30",
		"key_period_prev": "2016-12-31a",
		"leverage_industry_ratio": "1.33",
		"operating_margin_avg": "11.14",
		"operating_margin_prev_hist": [["2017-12-29", "10.35"], ["2018-01-31", "10.35"]],
		"operating_margin_prev_hist_last_diff": "0",
		"avg_revenue_growth_5y": "-9.89",
		"revenue_growth_qq_last_year": "-2.20",
		"avg_revenue_growth_5y_hist": [["2017-12-30", "-9.89"], ["2018-02-01", "-9.89"]],
		"avg_revenue_growth_5y_hist_last_diff": "0",
		"inst_own": 0,
		"inst_own_hist": [["2017-12-29", 0], ["2018-01-31", 0]],
		"inst_own_hist_last_diff": "0",
		"avgvalue": "17.98",
		"yield_hist_trend": "^",
		"per_hist_trend": "v",
		"avgoperating_margin": "11.93",
		"avgoperating_margin_prev": "10.35",
		"avgshares": "1.06",
		"avgemployees": "9.80",
		"avginst_own": "0.00",
		"avgrevenue": "18.31",
		"avgleverage": "3.33",
		"avgprice_to_sales": "1.00",
		"avgavg_revenue_growth_5y": "-9.89",
		"heat_opportunity": "0.07",
		"eps_opportunity": "-0.03",
		"eps_trend": "-0.05",
		"high_yld_low_volatility_bonus": "0.05",
		"revenue_growth_bonus": "0.00",
		"revenue_growth_qq_last_year_hist": [["2018-02-01", "-2.20"]],
		"revenue_growth_qq_last_year_hist_last_diff": 0
	},
	"ENG:BME": {
		"name": "ENG",
		"market": "BME",
		"value": "21.95",
		"session_change": "+0.40",
		"session_change_percentage": "1.86",
		"title": "Enagas",
		"yield": "6.46",
		"dividend": "0.58",
		"range_52week": "21.50 - 26.81",
		"range_52week_high": "26.81",
		"range_52week_low": "21.50",
		"range_52week_heat": "0.08",
		"range_52week_volatility": "0.25",
		"divs_per_year": "2",
		"dividend_total_year": "1.16",
		"yield_per_ratio": "0.59",
		"beta": "-",
		"eps": "2.00",
		"per": "11.00",
		"roe": "16.91",
		"eps_hist_last_diff": 0,
		"eps_hist": [["2017-08-30", "1.98"], ["2017-10-19", "2.00"]],
		"yield_hist_last_diff": "9",
		"yield_hist": [["2017-12-29", "5.94"], ["2018-01-31", "6.46"]],
		"per_hist": [["2017-12-29", "11.96"], ["2018-01-31", "11.00"]],
		"avgyield_per_ratio": "0.46",
		"avgyield": "6.20",
		"date": "31 23:06",
		"h_souce": "0.57",
		"value_hist": [["2017-12-29", "23.87"], ["2018-01-31", "21.95"]],
		"per_hist_last_diff": "-8",
		"value_hist_last_diff": "-8",
		"shares": "0.24",
		"mktcap": "5.27",
		"shares_hist": [["2017-12-29", "0.24"], ["2018-01-31", "0.24"]],
		"shares_hist_last_diff": "0",
		"revenue": "1.19",
		"price_to_book": "1.99",
		"leverage": "3.97",
		"leverage_industry": 0,
		"price_to_sales": "4.32",
		"revenue_hist": [["2017-12-30", "1.19"], ["2018-02-01", "1.19"]],
		"revenue_hist_last_diff": "0",
		"leverage_hist": [["2017-12-30", "3.97"], ["2018-02-01", "3.97"]],
		"leverage_hist_last_diff": "0",
		"price_to_sales_hist": [["2017-12-30", "4.78"], ["2018-02-01", "4.32"]],
		"price_to_sales_hist_last_diff": "-10",
		"operating_margin": "101.86",
		"employees": "1.3",
		"operating_margin_hist": [["2017-12-29", "101.86"], ["2018-01-31", "101.86"]],
		"operating_margin_hist_last_diff": "0",
		"employees_hist": [["2017-12-29", "1.3"], ["2018-01-31", "1.3"]],
		"employees_hist_last_diff": "0",
		"avgyield_per_ratio_original": "0.56",
		"operating_margin_prev": "51.39",
		"key_period": "2017-09-30",
		"key_period_prev": "2016-12-31a",
		"leverage_industry_ratio": "1.59",
		"operating_margin_avg": "76.63",
		"operating_margin_prev_hist": [["2017-12-29", "51.39"], ["2018-01-31", "51.39"]],
		"operating_margin_prev_hist_last_diff": "0",
		"avg_revenue_growth_5y": "1.21",
		"revenue_growth_qq_last_year": "-37.50",
		"avg_revenue_growth_5y_hist": [["2017-12-30", "1.21"], ["2018-02-01", "1.21"]],
		"avg_revenue_growth_5y_hist_last_diff": "0",
		"inst_own": 0,
		"inst_own_hist": [["2017-12-29", 0], ["2018-01-31", 0]],
		"inst_own_hist_last_diff": "0",
		"avgvalue": "22.91",
		"avgper": "11.48",
		"avgoperating_margin": "101.86",
		"avgoperating_margin_prev": "51.39",
		"avgshares": "0.24",
		"avgemployees": "1.30",
		"avginst_own": "0.00",
		"avgrevenue": "1.19",
		"avgleverage": "3.97",
		"avgprice_to_sales": "4.55",
		"avgavg_revenue_growth_5y": "1.21",
		"heat_opportunity": "0.06",
		"eps_opportunity": "0.00",
		"eps_trend": "0.00",
		"high_yld_low_volatility_bonus": "0.05",
		"revenue_growth_bonus": "0.00",
		"revenue_growth_qq_last_year_hist": [["2018-02-01", "-37.50"]],
		"revenue_growth_qq_last_year_hist_last_diff": 0
	},
	"FCC:BME": {
		"name": "FCC",
		"market": "BME",
		"value": "9.55",
		"session_change": "+0.14",
		"session_change_percentage": "1.49",
		"title": "Fomento de Construcciones y Co",
		"yield": 0,
		"dividend": "",
		"range_52week": "7.65 - 9.89",
		"range_52week_high": "9.89",
		"range_52week_low": "7.65",
		"range_52week_heat": "0.85",
		"range_52week_volatility": "0.29",
		"divs_per_year": "0",
		"dividend_total_year": "0",
		"yield_per_ratio": "0",
		"beta": "-",
		"eps": "-",
		"per": 999,
		"roe": "-",
		"eps_hist_last_diff": 0,
		"eps_hist": [["2017-03-16", "-0.86"], ["2017-08-04", "-0.84"]],
		"yield_hist_last_diff": "0",
		"yield_hist": [["2017-12-29", 0], ["2018-01-31", 0]],
		"per_hist": [["2017-12-29", 999], ["2018-01-31", 999]],
		"avgyield_per_ratio": "-0.06",
		"avgyield": "0.00",
		"date": "31 23:06",
		"h_souce": "-0.05",
		"value_hist": [["2017-12-29", "8.63"], ["2018-01-31", "9.55"]],
		"per_hist_last_diff": "0",
		"value_hist_last_diff": "11",
		"shares": "0.38",
		"mktcap": "3.63",
		"shares_hist": [["2017-12-29", "0.38"], ["2018-01-31", "0.38"]],
		"shares_hist_last_diff": "0",
		"revenue": "5.95",
		"price_to_book": "3.99",
		"leverage": "11.58",
		"leverage_industry": 0,
		"revenue_hist": [["2017-12-30", "5.95"], ["2018-02-01", "5.95"]],
		"revenue_hist_last_diff": "0",
		"leverage_hist": [["2017-12-30", "11.58"], ["2018-02-01", "11.58"]],
		"leverage_hist_last_diff": "0",
		"price_to_sales": "0.62",
		"price_to_sales_hist": [["2017-12-30", "0.58"], ["2018-02-01", "0.62"]],
		"price_to_sales_hist_last_diff": "7",
		"operating_margin": 0,
		"employees": "55.2",
		"operating_margin_hist": [["2017-12-29", 0], ["2018-01-31", 0]],
		"operating_margin_hist_last_diff": "0",
		"employees_hist": [["2017-12-29", "55.2"], ["2018-01-31", "55.2"]],
		"employees_hist_last_diff": "0",
		"avgyield_per_ratio_original": "0.02",
		"operating_margin_prev": "1.47",
		"key_period": "2017-09-30",
		"key_period_prev": "2016-12-31a",
		"leverage_industry_ratio": "4.63",
		"operating_margin_avg": 0,
		"operating_margin_prev_hist": [["2017-12-29", "1.47"], ["2018-01-31", "1.47"]],
		"operating_margin_prev_hist_last_diff": "0",
		"avg_revenue_growth_5y": "-12.73",
		"revenue_growth_qq_last_year": "-1.70",
		"avg_revenue_growth_5y_hist": [["2017-12-30", "-12.73"], ["2018-02-01", "-12.73"]],
		"avg_revenue_growth_5y_hist_last_diff": "0",
		"inst_own": 0,
		"inst_own_hist": [["2017-12-29", 0], ["2018-01-31", 0]],
		"inst_own_hist_last_diff": "0",
		"avgvalue": "9.09",
		"avgper": "999.00",
		"avgoperating_margin": "0.00",
		"avgoperating_margin_prev": "1.47",
		"avgshares": "0.38",
		"avgemployees": "55.20",
		"avginst_own": "0.00",
		"avgrevenue": "5.95",
		"avgleverage": "11.58",
		"avgprice_to_sales": "0.60",
		"avgavg_revenue_growth_5y": "-12.73",
		"heat_opportunity": "0.01",
		"eps_opportunity": "0.00",
		"eps_trend": "0.00",
		"high_yld_low_volatility_bonus": "0.00",
		"revenue_growth_bonus": "0.00",
		"revenue_growth_qq_last_year_hist": [["2018-02-01", "-1.70"]],
		"revenue_growth_qq_last_year_hist_last_diff": 0
	},
	"FER:BME": {
		"name": "FER",
		"market": "BME",
		"value": "18.48",
		"session_change": "+0.10",
		"session_change_percentage": "0.57",
		"title": "Ferrovial",
		"yield": "3.87",
		"dividend": "0.40",
		"range_52week": "16.62 - 20.81",
		"range_52week_high": "20.81",
		"range_52week_low": "16.62",
		"range_52week_heat": "0.44",
		"range_52week_volatility": "0.25",
		"divs_per_year": "2",
		"dividend_total_year": "0.80",
		"yield_per_ratio": "0.14",
		"beta": "-",
		"eps": "0.65",
		"per": "28.30",
		"roe": "11.25",
		"eps_hist_last_diff": "12",
		"eps_hist": [["2017-03-02", "0.51"], ["2017-05-08", "0.40"], ["2017-08-01", "0.58"], ["2017-10-31", "0.65"]],
		"yield_hist_last_diff": "2",
		"yield_hist": [["2017-02-02", "4.24"], ["2017-12-29", "3.78"], ["2018-01-31", "3.87"]],
		"per_hist": [["2017-02-02", "23.89"], ["2017-12-29", "28.99"], ["2018-01-31", "28.30"]],
		"eps_hist_trend": "\/",
		"avgyield_per_ratio": "0.15",
		"avgyield": "3.96",
		"date": "31 23:09",
		"h_souce": "0.32",
		"value_hist": [["2017-12-29", "18.92"], ["2018-01-31", "18.48"]],
		"per_hist_last_diff": "-2",
		"avgper": "27.06",
		"value_hist_last_diff": "-2",
		"shares": "0.73",
		"mktcap": "13.49",
		"shares_hist": [["2017-12-29", "0.73"], ["2018-01-31", "0.73"]],
		"shares_hist_last_diff": "0",
		"revenue": "10.76",
		"price_to_book": "2.59",
		"leverage": "4.34",
		"leverage_industry": 0,
		"price_to_sales": "1.09",
		"revenue_hist": [["2017-12-30", "10.76"], ["2018-02-01", "10.76"]],
		"revenue_hist_last_diff": "0",
		"leverage_hist": [["2017-12-30", "4.34"], ["2018-02-01", "4.34"]],
		"leverage_hist_last_diff": "0",
		"price_to_sales_hist": [["2017-12-30", "1.12"], ["2018-02-01", "1.09"]],
		"price_to_sales_hist_last_diff": "-3",
		"operating_margin": "5.26",
		"employees": "97.6",
		"operating_margin_hist": [["2017-12-29", "5.26"], ["2018-01-31", "5.26"]],
		"operating_margin_hist_last_diff": "0",
		"employees_hist": [["2017-12-29", "97.6"], ["2018-01-31", "97.6"]],
		"employees_hist_last_diff": "0",
		"avgyield_per_ratio_original": "0.14",
		"operating_margin_prev": "8.61",
		"key_period": "2017-09-30",
		"key_period_prev": "2016-12-31a",
		"leverage_industry_ratio": "1.74",
		"operating_margin_avg": "6.94",
		"operating_margin_prev_hist": [["2017-12-29", "8.61"], ["2018-01-31", "8.61"]],
		"operating_margin_prev_hist_last_diff": "0",
		"avg_revenue_growth_5y": "7.64",
		"revenue_growth_qq_last_year": "4.50",
		"avg_revenue_growth_5y_hist": [["2017-12-30", "7.64"], ["2018-02-01", "7.64"]],
		"avg_revenue_growth_5y_hist_last_diff": "0",
		"inst_own": 0,
		"inst_own_hist": [["2017-12-29", 0], ["2018-01-31", 0]],
		"inst_own_hist_last_diff": "0",
		"avgvalue": "18.70",
		"yield_hist_trend": "v",
		"per_hist_trend": "^",
		"avgoperating_margin": "5.26",
		"avgoperating_margin_prev": "8.61",
		"avgshares": "0.73",
		"avgemployees": "97.60",
		"avginst_own": "0.00",
		"avgrevenue": "10.76",
		"avgleverage": "4.34",
		"avgprice_to_sales": "1.11",
		"avgavg_revenue_growth_5y": "7.64",
		"heat_opportunity": "0.04",
		"eps_opportunity": "0.03",
		"eps_trend": "0.05",
		"high_yld_low_volatility_bonus": "0.05",
		"revenue_growth_bonus": "0.00",
		"revenue_growth_qq_last_year_hist": [["2018-02-01", "4.50"]],
		"revenue_growth_qq_last_year_hist_last_diff": 0
	},
	"SGRE:BME": {
		"name": "SGRE",
		"market": "BME",
		"value": "12.57",
		"session_change": "-0.13",
		"session_change_percentage": "-1.02",
		"title": "Siemens Gamesa Renewable Energ",
		"yield": "16.41",
		"dividend": "0.11",
		"range_52week": "9.05 - 22.54",
		"range_52week_high": "22.54",
		"range_52week_low": "9.05",
		"range_52week_heat": "0.26",
		"range_52week_volatility": "1.49",
		"divs_per_year": "19",
		"dividend_total_year": "2.09",
		"yield_per_ratio": "0.18",
		"beta": "-",
		"eps": "0.14",
		"per": "89.41",
		"roe": "-9.00",
		"eps_hist_last_diff": "-84",
		"eps_hist": [["2017-02-28", "1.12"], ["2017-05-12", "1.22"], ["2017-09-19", "0.86"], ["2017-12-05", "0.14"]],
		"yield_hist_last_diff": "-9",
		"yield_hist": [["2016-05-02", "0.76"], ["2017-02-02", "0.76"], ["2017-12-29", "18.05"], ["2018-01-31", "16.41"]],
		"per_hist": [["2017-02-02", "21.62"], ["2017-12-29", "81.30"], ["2018-01-31", "89.41"]],
		"eps_hist_last_down": "-84",
		"eps_hist_trend": "\\",
		"avgyield_per_ratio": "-0.05",
		"avgyield": "3.88",
		"date": "31 23:09",
		"h_souce": "-0.02",
		"per_hist_last_diff": "10",
		"avgper": "64.11",
		"value_hist": [["2017-12-29", "11.43"], ["2018-01-31", "12.57"]],
		"value_hist_last_diff": "10",
		"yield_hist_trend": "^",
		"shares": "0.68",
		"mktcap": "8.55",
		"shares_hist": [["2017-12-29", "0.68"], ["2018-01-31", "0.68"]],
		"shares_hist_last_diff": "0",
		"revenue": "4.61",
		"price_to_book": "0.55",
		"leverage": "2.55",
		"leverage_industry": 0,
		"price_to_sales": "0.45",
		"revenue_hist": [["2017-12-30", "4.61"], ["2018-02-01", "4.61"]],
		"revenue_hist_last_diff": "0",
		"leverage_hist": [["2017-12-30", "2.55"], ["2018-02-01", "2.55"]],
		"leverage_hist_last_diff": "0",
		"price_to_sales_hist": [["2017-12-30", "0.41"], ["2018-02-01", "0.45"]],
		"price_to_sales_hist_last_diff": "10",
		"operating_margin": "-8.46",
		"employees": "22.4",
		"operating_margin_hist": [["2017-12-29", "-8.46"], ["2018-01-31", "-8.46"]],
		"operating_margin_hist_last_diff": "0",
		"employees_hist": [["2017-12-29", "22.4"], ["2018-01-31", "22.4"]],
		"employees_hist_last_diff": "0",
		"avgyield_per_ratio_original": "0.04",
		"operating_margin_prev": "10.35",
		"key_period": "2017-09-30",
		"key_period_prev": "2016-12-31a",
		"leverage_industry_ratio": "1.02",
		"operating_margin_avg": "0.94",
		"operating_margin_prev_hist": [["2017-12-29", "10.35"], ["2018-01-31", "10.35"]],
		"operating_margin_prev_hist_last_diff": "0",
		"avg_revenue_growth_5y": "8.79",
		"avg_revenue_growth_5y_hist": [["2017-12-30", "8.79"], ["2018-02-01", "8.79"]],
		"avg_revenue_growth_5y_hist_last_diff": "0",
		"revenue_growth_qq_last_year": "-21.90",
		"inst_own": 0,
		"inst_own_hist": [["2017-12-29", 0], ["2018-01-31", 0]],
		"inst_own_hist_last_diff": "0",
		"avgvalue": "12.00",
		"per_hist_trend": "\/",
		"avgoperating_margin": "-8.46",
		"avgoperating_margin_prev": "10.35",
		"avgshares": "0.68",
		"avgemployees": "22.40",
		"avginst_own": "0.00",
		"avgrevenue": "4.61",
		"avgleverage": "2.55",
		"avgprice_to_sales": "0.43",
		"avgavg_revenue_growth_5y": "8.79",
		"heat_opportunity": "0.11",
		"eps_opportunity": "-0.03",
		"high_yld_low_volatility_bonus": "0.00",
		"revenue_growth_bonus": "0.00",
		"eps_trend": "-0.05",
		"revenue_growth_qq_last_year_hist": [["2018-02-01", "-21.90"]],
		"revenue_growth_qq_last_year_hist_last_diff": 0
	},
	"GAS:BME": {
		"name": "GAS",
		"market": "BME",
		"value": "18.60",
		"session_change": "+0.13",
		"session_change_percentage": "0.70",
		"title": "Gas Natural SDG",
		"yield": "5.37",
		"dividend": "0.33",
		"range_52week": "17.46 - 22.50",
		"range_52week_high": "22.50",
		"range_52week_low": "17.46",
		"range_52week_heat": "0.23",
		"range_52week_volatility": "0.29",
		"divs_per_year": "3",
		"dividend_total_year": "0.99",
		"yield_per_ratio": "0.34",
		"beta": "-",
		"eps": "1.19",
		"per": "15.69",
		"roe": "6.12",
		"eps_hist_last_diff": "-4",
		"eps_hist": [["2017-02-13", "1.30"], ["2017-05-17", "1.27"], ["2017-08-01", "1.24"], ["2017-11-09", "1.19"]],
		"yield_hist_last_diff": "3",
		"yield_hist": [["2017-02-02", "5.10"], ["2017-12-29", "5.19"], ["2018-01-31", "5.37"]],
		"per_hist": [["2017-02-02", "14.35"], ["2017-12-29", "16.24"], ["2018-01-31", "15.69"]],
		"eps_hist_trend": "\\",
		"avgyield_per_ratio": "0.53",
		"avgyield": "5.22",
		"date": "31 23:09",
		"h_souce": "0.61",
		"per_hist_last_diff": "-3",
		"avgper": "15.43",
		"value_hist": [["2017-12-29", "19.25"], ["2018-01-31", "18.60"]],
		"value_hist_last_diff": "-3",
		"shares": "1.00",
		"mktcap": "18.60",
		"shares_hist": [["2017-12-29", "1.00"], ["2018-01-31", "1.00"]],
		"shares_hist_last_diff": "0",
		"revenue": "23.18",
		"price_to_book": "-",
		"leverage": "3.19",
		"leverage_industry": 0,
		"revenue_hist": [["2017-12-30", "23.18"], ["2018-02-01", "23.18"]],
		"revenue_hist_last_diff": "0",
		"leverage_hist": [["2017-12-30", "3.19"], ["2018-02-01", "3.19"]],
		"leverage_hist_last_diff": "0",
		"eps_hist_last_down": "-4",
		"price_to_sales": 99,
		"price_to_sales_hist": [["2017-12-30", "0.79"], ["2018-02-01", 99]],
		"price_to_sales_hist_last_diff": "12432",
		"operating_margin": "9.23",
		"employees": "17.1",
		"operating_margin_hist": [["2017-12-29", "9.23"], ["2018-01-31", "9.23"]],
		"operating_margin_hist_last_diff": "0",
		"employees_hist": [["2017-12-29", "17.1"], ["2018-01-31", "17.1"]],
		"employees_hist_last_diff": "0",
		"avgyield_per_ratio_original": "0.33",
		"operating_margin_prev": "12.97",
		"key_period": "2017-09-30",
		"key_period_prev": "2016-12-31a",
		"leverage_industry_ratio": "1.28",
		"operating_margin_avg": "11.10",
		"operating_margin_prev_hist": [["2017-12-29", "12.97"], ["2018-01-31", "12.97"]],
		"operating_margin_prev_hist_last_diff": "0",
		"avg_revenue_growth_5y": "1.92",
		"avg_revenue_growth_5y_hist": [["2017-12-30", "1.92"], ["2018-02-01", "1.92"]],
		"avg_revenue_growth_5y_hist_last_diff": "0",
		"revenue_growth_qq_last_year": "9.50",
		"inst_own": 0,
		"inst_own_hist": [["2017-12-29", 0], ["2018-01-31", 0]],
		"inst_own_hist_last_diff": "0",
		"avgvalue": "18.93",
		"yield_hist_trend": "\/",
		"per_hist_trend": "^",
		"avgoperating_margin": "9.23",
		"avgoperating_margin_prev": "12.97",
		"avgshares": "1.00",
		"avgemployees": "17.10",
		"avginst_own": "0.00",
		"avgrevenue": "23.18",
		"avgleverage": "3.19",
		"avgprice_to_sales": "49.90",
		"avgavg_revenue_growth_5y": "1.92",
		"heat_opportunity": "0.06",
		"eps_opportunity": "-0.03",
		"high_yld_low_volatility_bonus": "0.05",
		"revenue_growth_bonus": "0.05",
		"eps_trend": "-0.05",
		"revenue_growth_qq_last_year_hist": [["2018-02-01", "9.50"]],
		"revenue_growth_qq_last_year_hist_last_diff": 0
	},
	"GRF:BME": {
		"name": "GRF",
		"market": "BME",
		"value": "25.91",
		"session_change": "0.00",
		"session_change_percentage": "0.00",
		"title": "Grifols",
		"yield": "1.22",
		"dividend": "0.18",
		"range_52week": "19.63 - 27.73",
		"range_52week_high": "27.73",
		"range_52week_low": "19.63",
		"range_52week_heat": "0.78",
		"range_52week_volatility": "0.41",
		"divs_per_year": "2",
		"dividend_total_year": "0.36",
		"yield_per_ratio": "0.04",
		"beta": "-",
		"eps": "0.84",
		"per": "30.83",
		"roe": "17.24",
		"eps_hist_last_diff": 0,
		"eps_hist": [["2017-08-30", "0.82"], ["2017-11-06", "0.84"]],
		"yield_hist_last_diff": "-5",
		"yield_hist": [["2017-12-29", "1.29"], ["2018-01-31", "1.22"]],
		"per_hist": [["2017-12-29", "29.06"], ["2018-01-31", "30.83"]],
		"avgyield_per_ratio": "0.44",
		"avgyield": "1.26",
		"date": "31 23:09",
		"h_souce": "0.46",
		"per_hist_last_diff": "6",
		"value_hist": [["2017-12-29", "24.42"], ["2018-01-31", "25.91"]],
		"value_hist_last_diff": "6",
		"shares": "0.43",
		"mktcap": "11.14",
		"shares_hist": [["2017-12-29", "0.43"], ["2018-01-31", "0.43"]],
		"shares_hist_last_diff": "0",
		"revenue": "4.05",
		"price_to_book": "-",
		"leverage": "3.11",
		"leverage_industry": 0,
		"revenue_hist": [["2017-12-30", "4.05"], ["2018-02-01", "4.05"]],
		"revenue_hist_last_diff": "0",
		"leverage_hist": [["2017-12-30", "3.11"], ["2018-02-01", "3.11"]],
		"leverage_hist_last_diff": "0",
		"price_to_sales": 99,
		"price_to_sales_hist": [["2017-12-30", "3.89"], ["2018-02-01", 99]],
		"price_to_sales_hist_last_diff": "2445",
		"operating_margin": "25.02",
		"employees": "16.8",
		"operating_margin_hist": [["2017-12-29", "25.02"], ["2018-01-31", "25.02"]],
		"operating_margin_hist_last_diff": "0",
		"employees_hist": [["2017-12-29", "16.8"], ["2018-01-31", "16.8"]],
		"employees_hist_last_diff": "0",
		"avgyield_per_ratio_original": "0.05",
		"operating_margin_prev": "23.20",
		"key_period": "2017-09-30",
		"key_period_prev": "2016-12-31a",
		"leverage_industry_ratio": "1.24",
		"operating_margin_avg": "24.11",
		"operating_margin_prev_hist": [["2017-12-29", "23.20"], ["2018-01-31", "23.20"]],
		"operating_margin_prev_hist_last_diff": "0",
		"avg_revenue_growth_5y": "17.66",
		"avg_revenue_growth_5y_hist": [["2017-12-30", "17.66"], ["2018-02-01", "17.66"]],
		"avg_revenue_growth_5y_hist_last_diff": "0",
		"revenue_growth_qq_last_year": "13.90",
		"inst_own": 0,
		"inst_own_hist": [["2017-12-29", 0], ["2018-01-31", 0]],
		"inst_own_hist_last_diff": "0",
		"avgvalue": "25.17",
		"avgper": "29.95",
		"avgoperating_margin": "25.02",
		"avgoperating_margin_prev": "23.20",
		"avgshares": "0.43",
		"avgemployees": "16.80",
		"avginst_own": "0.00",
		"avgrevenue": "4.05",
		"avgleverage": "3.11",
		"avgprice_to_sales": "51.45",
		"avgavg_revenue_growth_5y": "17.66",
		"heat_opportunity": "0.02",
		"eps_opportunity": "0.00",
		"high_yld_low_volatility_bonus": "0.00",
		"revenue_growth_bonus": "0.00",
		"eps_trend": "0.00",
		"revenue_growth_qq_last_year_hist": [["2018-02-01", "13.90"]],
		"revenue_growth_qq_last_year_hist_last_diff": 0
	},
	"IBE:BME": {
		"name": "IBE",
		"market": "BME",
		"value": "6.56",
		"session_change": "+0.01",
		"session_change_percentage": "0.12",
		"title": "Iberdrola",
		"yield": "4.56",
		"dividend": "0.14",
		"range_52week": "5.76 - 7.30",
		"range_52week_high": "7.30",
		"range_52week_low": "5.76",
		"range_52week_heat": "0.52",
		"range_52week_volatility": "0.27",
		"divs_per_year": "2",
		"dividend_total_year": "0.28",
		"yield_per_ratio": "0.32",
		"beta": "-",
		"eps": "0.47",
		"per": "14.08",
		"roe": "9.92",
		"eps_hist_last_diff": 0,
		"eps_hist": [["2017-02-28", "0.42"], ["2017-04-28", "0.41"], ["2017-07-25", "0.42"], ["2017-11-09", "0.48"], ["2018-01-30", "0.47"]],
		"yield_hist_last_diff": "-2",
		"yield_hist": [["2017-02-02", "4.65"], ["2017-12-29", "4.67"], ["2018-01-31", "4.56"]],
		"per_hist": [["2017-02-02", "14.62"], ["2017-12-29", "13.43"], ["2018-01-31", "14.08"]],
		"eps_hist_trend": "^",
		"avgyield_per_ratio": "0.32",
		"avgyield": "4.63",
		"date": "31 23:09",
		"h_souce": "0.45",
		"per_hist_last_diff": "5",
		"avgper": "14.04",
		"value_hist": [["2017-12-29", "6.46"], ["2018-01-31", "6.56"]],
		"value_hist_last_diff": "2",
		"shares": "6.41",
		"mktcap": "42.05",
		"shares_hist": [["2017-12-29", "6.29"], ["2018-01-31", "6.41"]],
		"shares_hist_last_diff": "2",
		"revenue": "29.22",
		"price_to_book": "1.13",
		"leverage": "3.15",
		"leverage_industry": 0,
		"revenue_hist": [["2017-12-30", "29.22"], ["2018-02-01", "29.22"]],
		"revenue_hist_last_diff": "0",
		"leverage_hist": [["2017-12-30", "3.15"], ["2018-02-01", "3.15"]],
		"leverage_hist_last_diff": "0",
		"price_to_sales": "1.40",
		"price_to_sales_hist": [["2017-12-30", "1.38"], ["2018-02-01", "1.40"]],
		"price_to_sales_hist_last_diff": "1",
		"operating_margin": "11.77",
		"employees": "34.5",
		"operating_margin_hist": [["2017-12-29", "11.77"], ["2018-01-31", "11.77"]],
		"operating_margin_hist_last_diff": "0",
		"employees_hist": [["2017-12-29", "34.5"], ["2018-01-31", "34.5"]],
		"employees_hist_last_diff": "0",
		"avgyield_per_ratio_original": "0.32",
		"operating_margin_prev": "15.59",
		"key_period": "2017-09-30",
		"key_period_prev": "2016-12-31a",
		"leverage_industry_ratio": "1.26",
		"operating_margin_avg": "13.68",
		"operating_margin_prev_hist": [["2017-12-29", "15.59"], ["2018-01-31", "15.59"]],
		"operating_margin_prev_hist_last_diff": "0",
		"avg_revenue_growth_5y": "-1.59",
		"avg_revenue_growth_5y_hist": [["2017-12-30", "-1.59"], ["2018-02-01", "-1.59"]],
		"avg_revenue_growth_5y_hist_last_diff": "0",
		"revenue_growth_qq_last_year": "7.20",
		"inst_own": 0,
		"inst_own_hist": [["2017-12-29", 0], ["2018-01-31", 0]],
		"inst_own_hist_last_diff": "0",
		"avgvalue": "6.51",
		"yield_hist_trend": "^",
		"per_hist_trend": "v",
		"avgoperating_margin": "11.77",
		"avgoperating_margin_prev": "15.59",
		"avgshares": "6.35",
		"avgemployees": "34.50",
		"avginst_own": "0.00",
		"avgrevenue": "29.22",
		"avgleverage": "3.15",
		"avgprice_to_sales": "1.39",
		"avgavg_revenue_growth_5y": "-1.59",
		"heat_opportunity": "0.03",
		"eps_opportunity": "0.00",
		"high_yld_low_volatility_bonus": "0.05",
		"revenue_growth_bonus": "0.05",
		"eps_trend": "0.00",
		"revenue_growth_qq_last_year_hist": [["2018-02-01", "7.20"]],
		"revenue_growth_qq_last_year_hist_last_diff": 0
	},
	"IDR:BME": {
		"name": "IDR",
		"market": "BME",
		"value": "11.84",
		"session_change": "-0.16",
		"session_change_percentage": "-1.33",
		"title": "Indra Sistemas",
		"yield": 0,
		"dividend": "",
		"range_52week": "10.12 - 14.00",
		"range_52week_high": "14.00",
		"range_52week_low": "10.12",
		"range_52week_heat": "0.44",
		"range_52week_volatility": "0.38",
		"divs_per_year": "0",
		"dividend_total_year": "0",
		"yield_per_ratio": "0",
		"beta": "-",
		"eps": "0.53",
		"per": "22.52",
		"roe": "33.37",
		"eps_hist_last_diff": "28",
		"eps_hist": [["2017-02-27", "0.42"], ["2017-05-16", "0.43"], ["2017-08-01", "0.39"], ["2017-11-10", "0.53"]],
		"yield_hist_last_diff": "0",
		"yield_hist": [["2017-12-29", 0], ["2018-01-31", 0]],
		"per_hist": [["2017-02-27", "28.58"], ["2017-12-29", "21.69"], ["2018-01-31", "22.52"]],
		"eps_hist_last_down": "-8",
		"eps_hist_trend": "v",
		"avgyield_per_ratio": "0.19",
		"avgyield": "0.00",
		"date": "31 23:15",
		"h_souce": "0.36",
		"per_hist_last_diff": "4",
		"avgper": "24.26",
		"value_hist": [["2017-12-29", "11.40"], ["2018-01-31", "11.84"]],
		"value_hist_last_diff": "4",
		"shares": "0.18",
		"mktcap": "2.13",
		"shares_hist": [["2017-12-29", "0.18"], ["2018-01-31", "0.18"]],
		"shares_hist_last_diff": "0",
		"revenue": "2.71",
		"price_to_book": "-",
		"leverage": "6.45",
		"leverage_industry": 0,
		"price_to_sales": 99,
		"revenue_hist": [["2017-12-30", "2.71"], ["2018-02-01", "2.71"]],
		"revenue_hist_last_diff": "0",
		"leverage_hist": [["2017-12-30", "6.45"], ["2018-02-01", "6.45"]],
		"leverage_hist_last_diff": "0",
		"price_to_sales_hist": [["2017-12-30", "0.78"], ["2018-02-01", 99]],
		"price_to_sales_hist_last_diff": "12592",
		"operating_margin": "6.17",
		"employees": "39.6",
		"operating_margin_hist": [["2017-12-29", "6.17"], ["2018-01-31", "6.17"]],
		"operating_margin_hist_last_diff": "0",
		"employees_hist": [["2017-12-29", "39.6"], ["2018-01-31", "39.6"]],
		"employees_hist_last_diff": "0",
		"avgyield_per_ratio_original": "0.07",
		"operating_margin_prev": "5.88",
		"key_period": "2017-09-30",
		"key_period_prev": "2016-12-31a",
		"leverage_industry_ratio": "2.58",
		"operating_margin_avg": "6.03",
		"operating_margin_prev_hist": [["2017-12-29", "5.88"], ["2018-01-31", "5.88"]],
		"operating_margin_prev_hist_last_diff": "0",
		"avg_revenue_growth_5y": "0.15",
		"avg_revenue_growth_5y_hist": [["2017-12-30", "0.15"], ["2018-02-01", "0.15"]],
		"avg_revenue_growth_5y_hist_last_diff": "0",
		"revenue_growth_qq_last_year": "19.10",
		"inst_own": 0,
		"inst_own_hist": [["2017-12-29", 0], ["2018-01-31", 0]],
		"inst_own_hist_last_diff": "0",
		"avgvalue": "11.62",
		"per_hist_trend": "v",
		"avgoperating_margin": "6.17",
		"avgoperating_margin_prev": "5.88",
		"avgshares": "0.18",
		"avgemployees": "39.60",
		"avginst_own": "0.00",
		"avgrevenue": "2.71",
		"avgleverage": "6.45",
		"avgprice_to_sales": "49.89",
		"avgavg_revenue_growth_5y": "0.15",
		"heat_opportunity": "0.04",
		"eps_opportunity": "0.03",
		"high_yld_low_volatility_bonus": "0.00",
		"revenue_growth_bonus": "0.05",
		"eps_trend": "0.05",
		"revenue_growth_qq_last_year_hist": [["2018-02-01", "19.10"]],
		"revenue_growth_qq_last_year_hist_last_diff": 0
	},
	"ITX:BME": {
		"name": "ITX",
		"market": "BME",
		"value": "28.87",
		"session_change": "-0.18",
		"session_change_percentage": "-0.62",
		"title": "Inditex",
		"yield": "2.36",
		"dividend": "0.16",
		"range_52week": "28.21 - 36.90",
		"range_52week_high": "36.90",
		"range_52week_low": "28.21",
		"range_52week_heat": "0.08",
		"range_52week_volatility": "0.31",
		"divs_per_year": "4",
		"dividend_total_year": "0.64",
		"yield_per_ratio": "0.09",
		"beta": "-",
		"eps": "1.06",
		"per": "27.29",
		"roe": "32.34",
		"eps_hist_last_diff": 0,
		"eps_hist": [["2017-03-16", "1.01"], ["2017-06-15", "1.05"], ["2017-12-18", "1.06"]],
		"yield_hist_last_diff": "1",
		"yield_hist": [["2017-02-02", "1.96"], ["2017-12-29", "2.34"], ["2018-01-31", "2.36"]],
		"per_hist": [["2017-02-02", "31.08"], ["2017-12-29", "27.45"], ["2018-01-31", "27.29"]],
		"avgyield_per_ratio": "0.44",
		"avgyield": "2.22",
		"date": "31 23:15",
		"h_souce": "0.51",
		"per_hist_last_diff": "-1",
		"avgper": "28.61",
		"value_hist": [["2017-12-29", "29.05"], ["2018-01-31", "28.87"]],
		"value_hist_last_diff": "-1",
		"shares": "3.11",
		"mktcap": "89.79",
		"shares_hist": [["2017-12-29", "3.11"], ["2018-01-31", "3.11"]],
		"shares_hist_last_diff": "0",
		"revenue": "23.31",
		"price_to_book": "7.81",
		"leverage": "1.67",
		"leverage_industry": 0,
		"revenue_hist": [["2017-12-30", "23.31"], ["2018-02-01", "23.31"]],
		"revenue_hist_last_diff": "0",
		"leverage_hist": [["2017-12-30", "1.67"], ["2018-02-01", "1.67"]],
		"leverage_hist_last_diff": "0",
		"price_to_sales": "3.71",
		"price_to_sales_hist": [["2017-12-30", "3.71"], ["2018-02-01", "3.71"]],
		"price_to_sales_hist_last_diff": "0",
		"operating_margin": "19.85",
		"employees": "161.8",
		"operating_margin_hist": [["2017-12-29", "19.85"], ["2018-01-31", "19.85"]],
		"operating_margin_hist_last_diff": "0",
		"employees_hist": [["2017-12-29", "161.8"], ["2018-01-31", "161.8"]],
		"employees_hist_last_diff": "0",
		"avgyield_per_ratio_original": "0.08",
		"operating_margin_prev": "17.25",
		"key_period": "2017-oct",
		"key_period_prev": "2017-12-31a",
		"leverage_industry_ratio": "0.67",
		"operating_margin_avg": "18.55",
		"operating_margin_prev_hist": [["2017-12-29", "17.25"], ["2018-01-31", "17.25"]],
		"operating_margin_prev_hist_last_diff": "0",
		"avg_revenue_growth_5y": "11.07",
		"avg_revenue_growth_5y_hist": [["2017-12-30", "11.07"], ["2018-02-01", "11.07"]],
		"avg_revenue_growth_5y_hist_last_diff": "0",
		"revenue_growth_qq_last_year": "9.20",
		"inst_own": 0,
		"inst_own_hist": [["2017-12-29", 0], ["2018-01-31", 0]],
		"inst_own_hist_last_diff": "0",
		"eps_hist_trend": "\/",
		"avgvalue": "28.96",
		"yield_hist_trend": "\/",
		"per_hist_trend": "\\",
		"avgoperating_margin": "19.85",
		"avgoperating_margin_prev": "17.25",
		"avgshares": "3.11",
		"avgemployees": "161.80",
		"avginst_own": "0.00",
		"avgrevenue": "23.31",
		"avgleverage": "1.67",
		"avgprice_to_sales": "3.71",
		"avgavg_revenue_growth_5y": "11.07",
		"heat_opportunity": "0.07",
		"eps_opportunity": "0.00",
		"high_yld_low_volatility_bonus": "0.00",
		"revenue_growth_bonus": "0.00",
		"eps_trend": "0.00",
		"revenue_growth_qq_last_year_hist": [["2018-02-01", "9.20"]],
		"revenue_growth_qq_last_year_hist_last_diff": 0
	},
	"MAP:BME": {
		"name": "MAP",
		"market": "BME",
		"value": "2.86",
		"session_change": "0.00",
		"session_change_percentage": "0.07",
		"title": "Mapfre",
		"yield": "5.12",
		"dividend": "0.06",
		"range_52week": "2.62 - 3.35",
		"range_52week_high": "3.35",
		"range_52week_low": "2.62",
		"range_52week_heat": "0.33",
		"range_52week_volatility": "0.28",
		"divs_per_year": "2",
		"dividend_total_year": "0.12",
		"yield_per_ratio": "0.36",
		"beta": "-",
		"eps": "0.20",
		"per": "14.06",
		"roe": "1.34",
		"eps_hist_last_diff": "-12",
		"eps_hist": [["2017-02-10", "0.25"], ["2017-07-27", "0.26"], ["2017-11-21", "0.20"]],
		"yield_hist_last_diff": "-6",
		"yield_hist": [["2017-02-02", "4.57"], ["2017-12-29", "5.47"], ["2018-01-31", "5.12"]],
		"per_hist": [["2017-02-02", "13.06"], ["2017-12-29", "13.16"], ["2018-01-31", "14.06"]],
		"avgyield_per_ratio": "0.59",
		"avgyield": "5.05",
		"date": "31 23:15",
		"h_souce": "0.66",
		"per_hist_last_diff": "7",
		"avgper": "13.43",
		"value_hist": [["2017-12-29", "2.68"], ["2018-01-31", "2.86"]],
		"value_hist_last_diff": "7",
		"shares": "3.05",
		"mktcap": "8.72",
		"shares_hist": [["2017-12-29", "3.05"], ["2018-01-31", "3.05"]],
		"shares_hist_last_diff": "0",
		"revenue": "23.70",
		"price_to_book": "0.99",
		"leverage": "7.71",
		"leverage_industry": 0,
		"revenue_hist": [["2017-12-30", "23.70"], ["2018-02-01", "23.70"]],
		"revenue_hist_last_diff": "0",
		"leverage_hist": [["2017-12-30", "7.71"], ["2018-02-01", "7.71"]],
		"leverage_hist_last_diff": "0",
		"price_to_sales": "0.38",
		"price_to_sales_hist": [["2017-12-30", "0.35"], ["2018-02-01", "0.38"]],
		"price_to_sales_hist_last_diff": "9",
		"operating_margin": "3.71",
		"employees": "36.5",
		"operating_margin_hist": [["2017-12-29", "3.71"], ["2018-01-31", "3.71"]],
		"operating_margin_hist_last_diff": "0",
		"employees_hist": [["2017-12-29", "36.5"], ["2018-01-31", "36.5"]],
		"employees_hist_last_diff": "0",
		"avgyield_per_ratio_original": "0.36",
		"operating_margin_prev": "8.12",
		"key_period": "2017-09-30",
		"key_period_prev": "2016-12-31a",
		"leverage_industry_ratio": "0.77",
		"operating_margin_avg": "5.92",
		"operating_margin_prev_hist": [["2017-12-29", "8.12"], ["2018-01-31", "8.12"]],
		"operating_margin_prev_hist_last_diff": "0",
		"avg_revenue_growth_5y": "2.55",
		"avg_revenue_growth_5y_hist": [["2017-12-30", "2.55"], ["2018-02-01", "2.55"]],
		"avg_revenue_growth_5y_hist_last_diff": "0",
		"revenue_growth_qq_last_year": "7.80",
		"inst_own": 0,
		"eps_hist_last_down": "-12",
		"eps_hist_trend": "^",
		"inst_own_hist": [["2017-12-29", 0], ["2018-01-31", 0]],
		"inst_own_hist_last_diff": "0",
		"avgvalue": "2.77",
		"yield_hist_trend": "^",
		"per_hist_trend": "\/",
		"avgoperating_margin": "3.71",
		"avgoperating_margin_prev": "8.12",
		"avgshares": "3.05",
		"avgemployees": "36.50",
		"avginst_own": "0.00",
		"avgrevenue": "23.70",
		"avgleverage": "7.71",
		"avgprice_to_sales": "0.37",
		"avgavg_revenue_growth_5y": "2.55",
		"heat_opportunity": "0.05",
		"eps_opportunity": "-0.03",
		"high_yld_low_volatility_bonus": "0.05",
		"revenue_growth_bonus": "0.05",
		"eps_trend": "-0.05",
		"revenue_growth_qq_last_year_hist": [["2018-02-01", "7.80"]],
		"revenue_growth_qq_last_year_hist_last_diff": 0
	},
	"MEL:BME": {
		"name": "MEL",
		"market": "BME",
		"value": "11.40",
		"session_change": "+0.02",
		"session_change_percentage": "0.18",
		"title": "Melia Hotels International",
		"yield": "1.15",
		"dividend": "0.13",
		"range_52week": "10.33 - 13.99",
		"range_52week_high": "13.99",
		"range_52week_low": "10.33",
		"range_52week_heat": "0.29",
		"range_52week_volatility": "0.35",
		"divs_per_year": "1",
		"dividend_total_year": "0.13",
		"yield_per_ratio": "0.05",
		"beta": "-",
		"eps": "0.53",
		"per": "21.65",
		"roe": "-",
		"eps_hist_last_diff": "6",
		"eps_hist": [["2017-08-30", "0.50"], ["2017-11-13", "0.53"]],
		"yield_hist_last_diff": "1",
		"yield_hist": [["2017-12-29", "1.14"], ["2018-01-31", "1.15"]],
		"per_hist": [["2017-12-29", "21.84"], ["2018-01-31", "21.65"]],
		"avgyield_per_ratio": "0.40",
		"avgyield": "1.15",
		"date": "31 23:15",
		"h_souce": "0.48",
		"per_hist_last_diff": "-1",
		"value_hist": [["2017-12-29", "11.50"], ["2018-01-31", "11.40"]],
		"value_hist_last_diff": "-1",
		"shares": "0.23",
		"mktcap": "2.62",
		"shares_hist": [["2017-12-29", "0.23"], ["2018-01-31", "0.23"]],
		"shares_hist_last_diff": "0",
		"revenue": "1.80",
		"price_to_book": "1.72",
		"leverage": "2.20",
		"leverage_industry": 0,
		"price_to_sales": "1.39",
		"revenue_hist": [["2017-12-30", "1.80"], ["2018-02-01", "1.80"]],
		"revenue_hist_last_diff": "0",
		"leverage_hist": [["2017-12-30", "2.20"], ["2018-02-01", "2.20"]],
		"leverage_hist_last_diff": "0",
		"price_to_sales_hist": [["2017-12-30", "1.41"], ["2018-02-01", "1.39"]],
		"price_to_sales_hist_last_diff": "-1",
		"operating_margin": "14.27",
		"employees": "21.8",
		"operating_margin_hist": [["2017-12-29", "14.27"], ["2018-01-31", "14.27"]],
		"operating_margin_hist_last_diff": "0",
		"employees_hist": [["2017-12-29", "21.8"], ["2018-01-31", "21.8"]],
		"employees_hist_last_diff": "0",
		"avgyield_per_ratio_original": "0.07",
		"operating_margin_prev": "9.75",
		"key_period": "2017-09-30",
		"key_period_prev": "2016-12-31a",
		"leverage_industry_ratio": "0.88",
		"operating_margin_avg": "12.01",
		"operating_margin_prev_hist": [["2017-12-29", "9.75"], ["2018-01-31", "9.75"]],
		"operating_margin_prev_hist_last_diff": "0",
		"avg_revenue_growth_5y": "6.18",
		"avg_revenue_growth_5y_hist": [["2017-12-30", "6.18"], ["2018-02-01", "6.18"]],
		"avg_revenue_growth_5y_hist_last_diff": "0",
		"revenue_growth_qq_last_year": "2.20",
		"inst_own": 0,
		"inst_own_hist": [["2017-12-29", 0], ["2018-01-31", 0]],
		"inst_own_hist_last_diff": "0",
		"avgvalue": "11.45",
		"avgper": "21.75",
		"avgoperating_margin": "14.27",
		"avgoperating_margin_prev": "9.75",
		"avgshares": "0.23",
		"avgemployees": "21.80",
		"avginst_own": "0.00",
		"avgrevenue": "1.80",
		"avgleverage": "2.20",
		"avgprice_to_sales": "1.40",
		"avgavg_revenue_growth_5y": "6.18",
		"heat_opportunity": "0.05",
		"eps_opportunity": "0.03",
		"high_yld_low_volatility_bonus": "0.00",
		"revenue_growth_bonus": "0.00",
		"eps_trend": "0.00",
		"revenue_growth_qq_last_year_hist": [["2018-02-01", "2.20"]],
		"revenue_growth_qq_last_year_hist_last_diff": 0
	},
	"MTS:BME": {
		"name": "MTS",
		"market": "BME",
		"value": "29.20",
		"session_change": "-0.34",
		"session_change_percentage": "-1.17",
		"title": "ArcelorMittal",
		"yield": 0,
		"dividend": "",
		"range_52week": "17.72 - 30.77",
		"range_52week_high": "30.77",
		"range_52week_low": "17.72",
		"range_52week_heat": "0.88",
		"range_52week_volatility": "0.74",
		"divs_per_year": "0",
		"dividend_total_year": "0",
		"yield_per_ratio": "0",
		"beta": "-",
		"eps": "-",
		"per": 999,
		"roe": "",
		"eps_hist_last_diff": 0,
		"eps_hist": [],
		"yield_hist_last_diff": "0",
		"yield_hist": [["2017-12-29", 0], ["2018-01-31", 0]],
		"per_hist": [["2017-12-29", 999], ["2018-01-31", 999]],
		"avgyield_per_ratio": "0.13",
		"avgyield": "0.00",
		"date": "31 23:15",
		"h_souce": "0.20",
		"per_hist_last_diff": "0",
		"value_hist": [["2017-12-29", "27.09"], ["2018-01-31", "29.20"]],
		"value_hist_last_diff": "8",
		"shares": "1.02",
		"mktcap": "29.78",
		"shares_hist": [["2017-12-29", "1.02"], ["2018-01-31", "1.02"]],
		"shares_hist_last_diff": "0",
		"revenue": "45.62",
		"price_to_book": "1.03",
		"leverage": "2.32",
		"leverage_industry": 0,
		"price_to_sales": "0.58",
		"revenue_hist": [["2017-12-30", "47.34"], ["2018-02-01", "45.62"]],
		"revenue_hist_last_diff": "-4",
		"leverage_hist": [["2017-12-30", "2.32"], ["2018-02-01", "2.32"]],
		"leverage_hist_last_diff": "0",
		"price_to_sales_hist": [["2017-12-30", "0.51"], ["2018-02-01", "0.58"]],
		"price_to_sales_hist_last_diff": "14",
		"operating_margin": "0",
		"employees": "",
		"operating_margin_hist": [["2017-12-29", "0"], ["2018-01-31", "0"]],
		"operating_margin_hist_last_diff": "0",
		"employees_hist": [["2017-12-29", ""], ["2018-01-31", ""]],
		"employees_hist_last_diff": "0",
		"avgyield_per_ratio_original": "0.02",
		"operating_margin_prev": 0,
		"key_period": "-",
		"key_period_prev": "-",
		"leverage_industry_ratio": "0.93",
		"operating_margin_avg": 0,
		"operating_margin_prev_hist": [["2017-12-29", 0], ["2018-01-31", 0]],
		"operating_margin_prev_hist_last_diff": "0",
		"avg_revenue_growth_5y": "-9.58",
		"avg_revenue_growth_5y_hist": [["2017-12-30", "-9.58"], ["2018-02-01", "-9.58"]],
		"avg_revenue_growth_5y_hist_last_diff": "0",
		"revenue_growth_qq_last_year": "21.50",
		"inst_own": 0,
		"inst_own_hist": [["2017-12-29", 0], ["2018-01-31", 0]],
		"inst_own_hist_last_diff": "0",
		"avgvalue": "28.15",
		"avgper": "999.00",
		"avgoperating_margin": "0.00",
		"avgoperating_margin_prev": "0.00",
		"avgshares": "1.02",
		"avgemployees": "0.00",
		"avginst_own": "0.00",
		"avgrevenue": "46.48",
		"avgleverage": "2.32",
		"avgprice_to_sales": "0.55",
		"avgavg_revenue_growth_5y": "-9.58",
		"heat_opportunity": "0.01",
		"eps_opportunity": "0.00",
		"high_yld_low_volatility_bonus": "0.00",
		"revenue_growth_bonus": "0.05",
		"eps_trend": "0.00",
		"revenue_growth_qq_last_year_hist": [["2018-02-01", "21.50"]],
		"revenue_growth_qq_last_year_hist_last_diff": 0
	},
	"OHL:BME": {
		"name": "OHL",
		"market": "BME",
		"value": "4.97",
		"session_change": "-0.06",
		"session_change_percentage": "-1.13",
		"title": "Obrascon Huarte Lain",
		"yield": "0.94",
		"dividend": "0.05",
		"range_52week": "2.30 - 5.45",
		"range_52week_high": "5.45",
		"range_52week_low": "2.30",
		"range_52week_heat": "0.85",
		"range_52week_volatility": "1.37",
		"divs_per_year": "1",
		"dividend_total_year": "0.05",
		"yield_per_ratio": "0.00",
		"beta": "-",
		"eps": "-1.56",
		"per": 999,
		"roe": "2.80",
		"eps_hist_last_diff": 0,
		"eps_hist": [["2017-03-02", "-1.50"], ["2017-05-15", "-1.66"], ["2017-08-02", "-1.62"], ["2017-11-17", "-1.56"]],
		"yield_hist_last_diff": "1",
		"yield_hist": [["2017-02-02", "1.47"], ["2017-12-29", "0.93"], ["2018-01-31", "0.94"]],
		"per_hist": [["2017-12-29", 999], ["2018-01-31", 999]],
		"eps_hist_trend": "\/",
		"avgyield_per_ratio": "0.12",
		"avgyield": "1.11",
		"date": "31 23:23",
		"h_souce": "0.14",
		"per_hist_last_diff": "0",
		"value_hist": [["2017-12-29", "4.98"], ["2018-01-31", "4.97"]],
		"value_hist_last_diff": "-0",
		"shares": "0.29",
		"mktcap": "1.44",
		"shares_hist": [["2017-12-29", "0.29"], ["2018-01-31", "0.29"]],
		"shares_hist_last_diff": "0",
		"revenue": "3.86",
		"price_to_book": "0.62",
		"leverage": "5.47",
		"leverage_industry": 0,
		"revenue_hist": [["2017-12-30", "3.86"], ["2018-02-01", "3.86"]],
		"revenue_hist_last_diff": "0",
		"leverage_hist": [["2017-12-30", "5.47"], ["2018-02-01", "5.47"]],
		"leverage_hist_last_diff": "0",
		"price_to_sales": "0.41",
		"price_to_sales_hist": [["2017-12-30", "0.42"], ["2018-02-01", "0.41"]],
		"price_to_sales_hist_last_diff": "-2",
		"operating_margin": "25.20",
		"employees": "24.2",
		"operating_margin_hist": [["2017-12-29", "25.20"], ["2018-01-31", "25.20"]],
		"operating_margin_hist_last_diff": "0",
		"employees_hist": [["2017-12-29", "24.2"], ["2018-01-31", "24.2"]],
		"employees_hist_last_diff": "0",
		"avgyield_per_ratio_original": "0.02",
		"operating_margin_prev": "10.00",
		"key_period": "2017-09-30",
		"key_period_prev": "2016-12-31a",
		"leverage_industry_ratio": "2.19",
		"operating_margin_avg": "17.60",
		"operating_margin_prev_hist": [["2017-12-29", "10.00"], ["2018-01-31", "10.00"]],
		"operating_margin_prev_hist_last_diff": "0",
		"avg_revenue_growth_5y": "-4.53",
		"avg_revenue_growth_5y_hist": [["2017-12-30", "-4.53"], ["2018-02-01", "-4.53"]],
		"avg_revenue_growth_5y_hist_last_diff": "0",
		"revenue_growth_qq_last_year": "-10.00",
		"inst_own": 0,
		"inst_own_hist": [["2017-12-29", 0], ["2018-01-31", 0]],
		"inst_own_hist_last_diff": "0",
		"avgvalue": "4.98",
		"yield_hist_trend": "v",
		"avgper": "999.00",
		"avgoperating_margin": "25.20",
		"avgoperating_margin_prev": "10.00",
		"avgshares": "0.29",
		"avgemployees": "24.20",
		"avginst_own": "0.00",
		"avgrevenue": "3.86",
		"avgleverage": "5.47",
		"avgprice_to_sales": "0.42",
		"avgavg_revenue_growth_5y": "-4.53",
		"heat_opportunity": "0.02",
		"eps_opportunity": "0.00",
		"high_yld_low_volatility_bonus": "0.00",
		"revenue_growth_bonus": "0.00",
		"eps_trend": "0.00",
		"revenue_growth_qq_last_year_hist": [["2018-02-01", "-10.00"]],
		"revenue_growth_qq_last_year_hist_last_diff": 0
	},
	"REE:BME": {
		"name": "REE",
		"market": "BME",
		"value": "17.07",
		"session_change": "+0.06",
		"session_change_percentage": "0.32",
		"title": "Red Electrica Corporacion",
		"yield": "5.13",
		"dividend": "0.25",
		"range_52week": "16.33 - 20.77",
		"range_52week_high": "20.77",
		"range_52week_low": "16.33",
		"range_52week_heat": "0.17",
		"range_52week_volatility": "0.27",
		"divs_per_year": "4",
		"dividend_total_year": "1.00",
		"yield_per_ratio": "0.37",
		"beta": "-",
		"eps": "1.22",
		"per": "13.94",
		"roe": "20.87",
		"eps_hist_last_diff": 0,
		"eps_hist": [["2017-02-27", "1.18"], ["2017-05-01", "1.20"], ["2017-07-31", "1.21"], ["2017-11-06", "1.22"]],
		"yield_hist_last_diff": "10",
		"yield_hist": [["2017-02-02", "4.93"], ["2017-12-29", "4.68"], ["2018-01-31", "5.13"]],
		"per_hist": [["2017-02-02", "14.27"], ["2017-12-29", "15.28"], ["2018-01-31", "13.94"]],
		"eps_hist_trend": "\/",
		"avgyield_per_ratio": "0.37",
		"avgyield": "4.91",
		"date": "31 23:23",
		"h_souce": "0.47",
		"per_hist_last_diff": "-9",
		"avgper": "14.50",
		"value_hist": [["2017-12-29", "18.71"], ["2018-01-31", "17.07"]],
		"value_hist_last_diff": "-9",
		"shares": "0.54",
		"mktcap": "9.22",
		"shares_hist": [["2017-12-29", "0.54"], ["2018-01-31", "0.54"]],
		"shares_hist_last_diff": "0",
		"revenue": "1.93",
		"price_to_book": "-",
		"leverage": 99,
		"leverage_industry": 0,
		"price_to_sales": "4.70",
		"revenue_hist": [["2017-12-30", "1.93"], ["2018-02-01", "1.93"]],
		"revenue_hist_last_diff": "0",
		"leverage_hist": [["2017-12-30", 99], ["2018-02-01", 99]],
		"leverage_hist_last_diff": "0",
		"price_to_sales_hist": [["2017-12-30", "5.17"], ["2018-02-01", "4.70"]],
		"price_to_sales_hist_last_diff": "-9",
		"operating_margin": "51.10",
		"employees": "1.8",
		"operating_margin_hist": [["2017-12-29", "51.10"], ["2018-01-31", "51.10"]],
		"operating_margin_hist_last_diff": "0",
		"employees_hist": [["2017-12-29", "1.8"], ["2018-01-31", "1.8"]],
		"employees_hist_last_diff": "0",
		"avgyield_per_ratio_original": "0.35",
		"operating_margin_prev": "51.92",
		"key_period": "2017-09-30",
		"key_period_prev": "2016-12-31a",
		"leverage_industry_ratio": "39.60",
		"operating_margin_avg": "51.51",
		"operating_margin_prev_hist": [["2017-12-29", "51.92"], ["2018-01-31", "51.92"]],
		"operating_margin_prev_hist_last_diff": "0",
		"avg_revenue_growth_5y": "3.37",
		"avg_revenue_growth_5y_hist": [["2017-12-30", "3.37"], ["2018-02-01", "3.37"]],
		"avg_revenue_growth_5y_hist_last_diff": "0",
		"revenue_growth_qq_last_year": "0.20",
		"inst_own": 0,
		"inst_own_hist": [["2017-12-29", 0], ["2018-01-31", 0]],
		"inst_own_hist_last_diff": "0",
		"avgvalue": "17.89",
		"yield_hist_trend": "v",
		"per_hist_trend": "^",
		"avgoperating_margin": "51.10",
		"avgoperating_margin_prev": "51.92",
		"avgshares": "0.54",
		"avgemployees": "1.80",
		"avginst_own": "0.00",
		"avgrevenue": "1.93",
		"avgleverage": "99.00",
		"avgprice_to_sales": "4.94",
		"avgavg_revenue_growth_5y": "3.37",
		"heat_opportunity": "0.06",
		"eps_opportunity": "0.00",
		"high_yld_low_volatility_bonus": "0.05",
		"revenue_growth_bonus": "0.00",
		"eps_trend": "0.00",
		"revenue_growth_qq_last_year_hist": [["2018-02-01", "0.20"]],
		"revenue_growth_qq_last_year_hist_last_diff": 0
	},
	"REP:BME": {
		"name": "REP",
		"market": "BME",
		"value": "15.15",
		"session_change": "+0.02",
		"session_change_percentage": "0.17",
		"title": "Repsol",
		"yield": "5.32",
		"dividend": "0.39",
		"range_52week": "13.27 - 16.30",
		"range_52week_high": "16.30",
		"range_52week_low": "13.27",
		"range_52week_heat": "0.62",
		"range_52week_volatility": "0.23",
		"divs_per_year": "2",
		"dividend_total_year": "0.78",
		"yield_per_ratio": "0.42",
		"beta": "-",
		"eps": "1.20",
		"per": "12.64",
		"roe": "6.98",
		"eps_hist_last_diff": 0,
		"eps_hist": [["2017-02-27", "0.96"], ["2017-06-13", "1.10"], ["2017-08-01", "1.21"], ["2017-12-19", "1.19"], ["2018-01-11", "1.20"]],
		"yield_hist_last_diff": "-2",
		"yield_hist": [["2017-02-02", "4.52"], ["2017-12-29", "5.45"], ["2018-01-31", "5.32"]],
		"per_hist": [["2017-02-27", "14.38"], ["2017-12-29", "12.37"], ["2018-01-31", "12.64"]],
		"eps_hist_trend": "v",
		"avgyield_per_ratio": "0.55",
		"avgyield": "5.10",
		"date": "31 23:23",
		"h_souce": "0.68",
		"per_hist_last_diff": "2",
		"avgper": "13.13",
		"value_hist": [["2017-12-29", "14.74"], ["2018-01-31", "15.15"]],
		"value_hist_last_diff": "3",
		"shares": "1.56",
		"mktcap": "23.63",
		"shares_hist": [["2017-12-29", "1.57"], ["2018-01-31", "1.56"]],
		"shares_hist_last_diff": "-1",
		"revenue": "0.00",
		"price_to_book": "0.79",
		"leverage": "2.04",
		"leverage_industry": 0,
		"price_to_sales": "0.56",
		"revenue_hist": [["2017-12-30", "34.69"], ["2018-02-01", "0.00"]],
		"revenue_hist_last_diff": "-100",
		"leverage_hist": [["2017-12-30", "2.04"], ["2018-02-01", "2.04"]],
		"leverage_hist_last_diff": "0",
		"price_to_sales_hist": [["2017-12-30", "0.54"], ["2018-02-01", "0.56"]],
		"price_to_sales_hist_last_diff": "4",
		"operating_margin": "6.48",
		"employees": "27.1",
		"operating_margin_hist": [["2017-12-29", "6.48"], ["2018-01-31", "6.48"]],
		"operating_margin_hist_last_diff": "0",
		"employees_hist": [["2017-12-29", "27.1"], ["2018-01-31", "27.1"]],
		"employees_hist_last_diff": "0",
		"avgyield_per_ratio_original": "0.40",
		"operating_margin_prev": "5.65",
		"key_period": "2017-09-30",
		"key_period_prev": "2016-12-31a",
		"leverage_industry_ratio": "0.82",
		"operating_margin_avg": "6.07",
		"operating_margin_prev_hist": [["2017-12-29", "5.65"], ["2018-01-31", "5.65"]],
		"operating_margin_prev_hist_last_diff": "0",
		"avg_revenue_growth_5y": "-10.42",
		"avg_revenue_growth_5y_hist": [["2017-12-30", "-10.42"], ["2018-02-01", "-10.42"]],
		"avg_revenue_growth_5y_hist_last_diff": "0",
		"revenue_growth_qq_last_year": "12.60",
		"inst_own": 0,
		"inst_own_hist": [["2017-12-29", 0], ["2018-01-31", 0]],
		"inst_own_hist_last_diff": "0",
		"avgvalue": "14.95",
		"yield_hist_trend": "^",
		"per_hist_trend": "v",
		"avgoperating_margin": "6.48",
		"avgoperating_margin_prev": "5.65",
		"avgshares": "1.57",
		"avgemployees": "27.10",
		"avginst_own": "0.00",
		"avgrevenue": "17.35",
		"avgleverage": "2.04",
		"avgprice_to_sales": "0.55",
		"avgavg_revenue_growth_5y": "-10.42",
		"heat_opportunity": "0.03",
		"eps_opportunity": "0.00",
		"high_yld_low_volatility_bonus": "0.05",
		"revenue_growth_bonus": "0.05",
		"eps_trend": "0.00",
		"revenue_growth_qq_last_year_hist": [["2018-02-01", "12.60"]],
		"revenue_growth_qq_last_year_hist_last_diff": 0
	},
	"SAB:BME": {
		"name": "SAB",
		"market": "BME",
		"value": "1.91",
		"session_change": "0.00",
		"session_change_percentage": "-0.18",
		"title": "Banco de Sabadell",
		"yield": "1.04",
		"dividend": "0.02",
		"range_52week": "1.37 - 1.96",
		"range_52week_high": "1.96",
		"range_52week_low": "1.37",
		"range_52week_heat": "0.92",
		"range_52week_volatility": "0.43",
		"divs_per_year": "1",
		"dividend_total_year": "0.02",
		"yield_per_ratio": "0.11",
		"beta": "-",
		"eps": "0.21",
		"per": "9.29",
		"roe": "6.24",
		"eps_hist_last_diff": "16",
		"eps_hist": [["2017-08-30", "0.13"], ["2017-10-31", "0.21"]],
		"yield_hist_last_diff": "-14",
		"yield_hist": [["2017-12-29", "1.21"], ["2018-01-31", "1.04"]],
		"per_hist": [["2017-12-29", "8.04"], ["2018-01-31", "9.29"]],
		"avgyield_per_ratio": "0.22",
		"avgyield": "1.13",
		"date": "31 23:23",
		"h_souce": "0.26",
		"per_hist_last_diff": "16",
		"value_hist": [["2017-12-29", "1.66"], ["2018-01-31", "1.91"]],
		"value_hist_last_diff": "15",
		"shares": "5.60",
		"mktcap": "10.70",
		"shares_hist": [["2017-12-29", "5.60"], ["2018-01-31", "5.60"]],
		"shares_hist_last_diff": "0",
		"revenue": "5.31",
		"price_to_book": "0.82",
		"leverage": "16.07",
		"leverage_industry": 0,
		"revenue_hist": [["2017-12-30", "5.31"], ["2018-02-01", "5.31"]],
		"revenue_hist_last_diff": "0",
		"leverage_hist": [["2017-12-30", "16.07"], ["2018-02-01", "16.07"]],
		"leverage_hist_last_diff": "0",
		"price_to_sales": "2.15",
		"price_to_sales_hist": [["2017-12-30", "1.86"], ["2018-02-01", "2.15"]],
		"price_to_sales_hist_last_diff": "16",
		"operating_margin": "1.01",
		"employees": "26.0",
		"operating_margin_hist": [["2017-12-29", "1.01"], ["2018-01-31", "1.01"]],
		"operating_margin_hist_last_diff": "0",
		"employees_hist": [["2017-12-29", "26.0"], ["2018-01-31", "26.0"]],
		"employees_hist_last_diff": "0",
		"avgyield_per_ratio_original": "0.16",
		"operating_margin_prev": "15.89",
		"key_period": "2017-09-30",
		"key_period_prev": "2016-12-31a",
		"leverage_industry_ratio": "1.61",
		"operating_margin_avg": "8.45",
		"operating_margin_prev_hist": [["2017-12-29", "15.89"], ["2018-01-31", "15.89"]],
		"operating_margin_prev_hist_last_diff": "0",
		"avg_revenue_growth_5y": "19.80",
		"avg_revenue_growth_5y_hist": [["2017-12-30", "19.80"], ["2018-02-01", "19.80"]],
		"avg_revenue_growth_5y_hist_last_diff": "0",
		"revenue_growth_qq_last_year": "-12.30",
		"inst_own": 0,
		"inst_own_hist": [["2017-12-29", 0], ["2018-01-31", 0]],
		"inst_own_hist_last_diff": "0",
		"avgvalue": "1.79",
		"avgper": "8.67",
		"avgoperating_margin": "1.01",
		"avgoperating_margin_prev": "15.89",
		"avgshares": "5.60",
		"avgemployees": "26.00",
		"avginst_own": "0.00",
		"avgrevenue": "5.31",
		"avgleverage": "16.07",
		"avgprice_to_sales": "2.01",
		"avgavg_revenue_growth_5y": "19.80",
		"heat_opportunity": "0.01",
		"eps_opportunity": "0.03",
		"high_yld_low_volatility_bonus": "0.00",
		"revenue_growth_bonus": "0.00",
		"eps_trend": "0.00",
		"revenue_growth_qq_last_year_hist": [["2018-02-01", "-12.30"]],
		"revenue_growth_qq_last_year_hist_last_diff": 0
	},
	"SAN:BME": {
		"name": "SAN",
		"market": "BME",
		"value": "5.98",
		"session_change": "+0.05",
		"session_change_percentage": "0.88",
		"title": "Banco Santander,",
		"yield": "3.57",
		"dividend": "0.06",
		"range_52week": "4.85 - 6.25",
		"range_52week_high": "6.25",
		"range_52week_low": "4.85",
		"range_52week_heat": "0.81",
		"range_52week_volatility": "0.29",
		"divs_per_year": "4",
		"dividend_total_year": "0.24",
		"yield_per_ratio": "0.27",
		"beta": "-",
		"eps": "0.46",
		"per": "13.04",
		"roe": "6.35",
		"eps_hist_last_diff": 0,
		"eps_hist": [["2017-02-28", "0.43"], ["2017-04-28", "0.45"], ["2017-08-01", "0.48"], ["2017-10-27", "0.46"]],
		"yield_hist_last_diff": "-8",
		"yield_hist": [["2017-02-02", "3.86"], ["2017-12-29", "3.90"], ["2018-01-31", "3.57"]],
		"per_hist": [["2017-02-02", "12.90"], ["2017-12-29", "11.94"], ["2018-01-31", "13.04"]],
		"eps_hist_trend": "^",
		"avgyield_per_ratio": "0.53",
		"avgyield": "3.78",
		"date": "31 23:23",
		"h_souce": "0.64",
		"per_hist_last_diff": "9",
		"avgper": "12.63",
		"value_hist": [["2017-12-29", "5.48"], ["2018-01-31", "5.98"]],
		"value_hist_last_diff": "9",
		"shares": "16.13",
		"mktcap": "96.46",
		"shares_hist": [["2017-12-29", "16.13"], ["2018-01-31", "16.13"]],
		"shares_hist_last_diff": "0",
		"revenue": "48.05",
		"price_to_book": "1.00",
		"leverage": "15.31",
		"leverage_industry": 0,
		"revenue_hist": [["2017-12-30", "48.05"], ["2018-02-01", "48.05"]],
		"revenue_hist_last_diff": "0",
		"leverage_hist": [["2017-12-30", "15.31"], ["2018-02-01", "15.31"]],
		"leverage_hist_last_diff": "0",
		"price_to_sales": "1.71",
		"price_to_sales_hist": [["2017-12-30", "1.58"], ["2018-02-01", "1.71"]],
		"price_to_sales_hist_last_diff": "8",
		"operating_margin": "29.31",
		"employees": "200.9",
		"operating_margin_hist": [["2017-12-29", "29.31"], ["2018-01-31", "29.31"]],
		"operating_margin_hist_last_diff": "0",
		"employees_hist": [["2017-12-29", "200.9"], ["2018-01-31", "200.9"]],
		"employees_hist_last_diff": "0",
		"avgyield_per_ratio_original": "0.27",
		"operating_margin_prev": "20.71",
		"key_period": "2017-09-30",
		"key_period_prev": "2016-12-31a",
		"leverage_industry_ratio": "1.53",
		"operating_margin_avg": "25.01",
		"operating_margin_prev_hist": [["2017-12-29", "20.71"], ["2018-01-31", "20.71"]],
		"operating_margin_prev_hist_last_diff": "0",
		"avg_revenue_growth_5y": "-1.51",
		"avg_revenue_growth_5y_hist": [["2017-12-30", "-1.51"], ["2018-02-01", "-1.51"]],
		"avg_revenue_growth_5y_hist_last_diff": "0",
		"revenue_growth_qq_last_year": "9.50",
		"inst_own": 0,
		"inst_own_hist": [["2017-12-29", 0], ["2018-01-31", 0]],
		"inst_own_hist_last_diff": "0",
		"avgvalue": "5.73",
		"yield_hist_trend": "^",
		"per_hist_trend": "v",
		"avgoperating_margin": "29.31",
		"avgoperating_margin_prev": "20.71",
		"avgshares": "16.13",
		"avgemployees": "200.90",
		"avginst_own": "0.00",
		"avgrevenue": "48.05",
		"avgleverage": "15.31",
		"avgprice_to_sales": "1.65",
		"avgavg_revenue_growth_5y": "-1.51",
		"heat_opportunity": "0.01",
		"eps_opportunity": "0.00",
		"high_yld_low_volatility_bonus": "0.05",
		"revenue_growth_bonus": "0.05",
		"eps_trend": "0.00",
		"revenue_growth_qq_last_year_hist": [["2018-02-01", "9.50"]],
		"revenue_growth_qq_last_year_hist_last_diff": 0
	},
	"SCYR:BME": {
		"name": "SCYR",
		"market": "BME",
		"value": "2.63",
		"session_change": "+0.01",
		"session_change_percentage": "0.50",
		"title": "Sacyr",
		"yield": "1.98",
		"dividend": "0.05",
		"range_52week": "1.90 - 2.72",
		"range_52week_high": "2.72",
		"range_52week_low": "1.90",
		"range_52week_heat": "0.89",
		"range_52week_volatility": "0.43",
		"divs_per_year": "1",
		"dividend_total_year": "0.05",
		"yield_per_ratio": "0.19",
		"beta": "-",
		"eps": "0.25",
		"per": "10.61",
		"roe": "8.89",
		"eps_hist_last_diff": "8",
		"eps_hist": [["2017-03-01", "0.24"], ["2017-05-11", "0.21"], ["2017-11-15", "0.25"]],
		"yield_hist_last_diff": "19800",
		"yield_hist": [["2017-02-02", "2.07"], ["2017-12-29", 0], ["2018-01-31", "1.98"]],
		"per_hist": [["2017-03-01", "10.24"], ["2017-12-29", "9.33"], ["2018-01-31", "10.61"]],
		"eps_hist_last_down": "-6",
		"avgyield_per_ratio": "0.09",
		"avgyield": "1.35",
		"date": "31 23:26",
		"h_souce": "0.18",
		"per_hist_last_diff": "14",
		"avgper": "10.06",
		"value_hist": [["2017-12-29", "2.36"], ["2018-01-31", "2.63"]],
		"value_hist_last_diff": "11",
		"shares": "0.54",
		"mktcap": "1.42",
		"shares_hist": [["2017-12-29", "0.53"], ["2018-01-31", "0.54"]],
		"shares_hist_last_diff": "2",
		"revenue": "2.86",
		"price_to_book": "0.84",
		"leverage": "6.56",
		"leverage_industry": 0,
		"price_to_sales": "0.47",
		"revenue_hist": [["2017-12-30", "2.86"], ["2018-02-01", "2.86"]],
		"revenue_hist_last_diff": "0",
		"leverage_hist": [["2017-12-30", "6.56"], ["2018-02-01", "6.56"]],
		"leverage_hist_last_diff": "0",
		"price_to_sales_hist": [["2017-12-30", "0.42"], ["2018-02-01", "0.47"]],
		"price_to_sales_hist_last_diff": "12",
		"operating_margin": "5.65",
		"employees": "28.6",
		"operating_margin_hist": [["2017-12-29", "5.65"], ["2018-01-31", "5.65"]],
		"operating_margin_hist_last_diff": "0",
		"employees_hist": [["2017-12-29", "28.6"], ["2018-01-31", "28.6"]],
		"employees_hist_last_diff": "0",
		"avgyield_per_ratio_original": "0.14",
		"operating_margin_prev": "7.27",
		"key_period": "2017-09-30",
		"key_period_prev": "2016-12-31a",
		"eps_hist_trend": "v",
		"leverage_industry_ratio": "2.62",
		"operating_margin_avg": "6.46",
		"operating_margin_prev_hist": [["2017-12-29", "7.27"], ["2018-01-31", "7.27"]],
		"operating_margin_prev_hist_last_diff": "0",
		"avg_revenue_growth_5y": "-6.32",
		"avg_revenue_growth_5y_hist": [["2017-12-30", "-6.32"], ["2018-02-01", "-6.32"]],
		"avg_revenue_growth_5y_hist_last_diff": "0",
		"revenue_growth_qq_last_year": "-2.80",
		"inst_own": 0,
		"inst_own_hist": [["2017-12-29", 0], ["2018-01-31", 0]],
		"inst_own_hist_last_diff": "0",
		"avgvalue": "2.50",
		"yield_hist_trend": "v",
		"per_hist_trend": "v",
		"avgoperating_margin": "5.65",
		"avgoperating_margin_prev": "7.27",
		"avgshares": "0.54",
		"avgemployees": "28.60",
		"avginst_own": "0.00",
		"avgrevenue": "2.86",
		"avgleverage": "6.56",
		"avgprice_to_sales": "0.45",
		"avgavg_revenue_growth_5y": "-6.32",
		"heat_opportunity": "0.01",
		"eps_opportunity": "0.03",
		"high_yld_low_volatility_bonus": "0.00",
		"revenue_growth_bonus": "0.00",
		"eps_trend": "0.05",
		"revenue_growth_qq_last_year_hist": [["2018-02-01", "-2.80"]],
		"revenue_growth_qq_last_year_hist_last_diff": 0
	},
	"TEF:BME": {
		"name": "TEF",
		"market": "BME",
		"value": "8.25",
		"session_change": "-0.09",
		"session_change_percentage": "-1.09",
		"title": "Telefonica",
		"yield": "8.83",
		"dividend": "0.20",
		"range_52week": "8.10 - 10.63",
		"range_52week_high": "10.63",
		"range_52week_low": "8.10",
		"range_52week_heat": "0.06",
		"range_52week_volatility": "0.31",
		"divs_per_year": "4",
		"dividend_total_year": "0.80",
		"yield_per_ratio": "0.44",
		"beta": "-",
		"eps": "0.41",
		"per": "19.93",
		"roe": "18.05",
		"eps_hist_last_diff": "-16",
		"eps_hist": [["2017-02-24", "0.40"], ["2017-05-15", "0.48"], ["2017-07-31", "0.49"], ["2017-10-30", "0.41"]],
		"yield_hist_last_diff": "-2",
		"yield_hist": [["2017-02-02", "8.11"], ["2017-12-29", "8.97"], ["2018-01-31", "8.83"]],
		"per_hist": [["2017-02-24", "23.98"], ["2017-12-29", "19.62"], ["2018-01-31", "19.93"]],
		"eps_hist_trend": "^",
		"avgyield_per_ratio": "0.27",
		"avgyield": "7.00",
		"date": "31 23:26",
		"h_souce": "0.32",
		"per_hist_last_diff": "2",
		"avgper": "21.18",
		"value_hist": [["2017-12-29", "8.12"], ["2018-01-31", "8.25"]],
		"value_hist_last_diff": "2",
		"eps_hist_last_down": "-16",
		"shares": "5.05",
		"mktcap": "41.66",
		"shares_hist": [["2017-12-29", "5.05"], ["2018-01-31", "5.05"]],
		"shares_hist_last_diff": "0",
		"revenue": "52.04",
		"price_to_book": "2.50",
		"leverage": "6.69",
		"leverage_industry": 0,
		"revenue_hist": [["2017-12-30", "52.04"], ["2018-02-01", "52.04"]],
		"revenue_hist_last_diff": "0",
		"leverage_hist": [["2017-12-30", "6.69"], ["2018-02-01", "6.69"]],
		"leverage_hist_last_diff": "0",
		"price_to_sales": "0.81",
		"price_to_sales_hist": [["2017-12-30", "0.79"], ["2018-02-01", "0.81"]],
		"price_to_sales_hist_last_diff": "3",
		"operating_margin": "13.90",
		"employees": "125.9",
		"operating_margin_hist": [["2017-12-29", "13.90"], ["2018-01-31", "13.90"]],
		"operating_margin_hist_last_diff": "0",
		"employees_hist": [["2017-12-29", "125.9"], ["2018-01-31", "125.9"]],
		"employees_hist_last_diff": "0",
		"avgyield_per_ratio_original": "0.35",
		"operating_margin_prev": "10.51",
		"key_period": "2017-09-30",
		"key_period_prev": "2016-12-31a",
		"leverage_industry_ratio": "2.68",
		"operating_margin_avg": "12.21",
		"operating_margin_prev_hist": [["2017-12-29", "10.51"], ["2018-01-31", "10.51"]],
		"operating_margin_prev_hist_last_diff": "0",
		"avg_revenue_growth_5y": "-3.70",
		"avg_revenue_growth_5y_hist": [["2017-12-30", "-3.70"], ["2018-02-01", "-3.70"]],
		"avg_revenue_growth_5y_hist_last_diff": "0",
		"revenue_growth_qq_last_year": "-2.40",
		"inst_own": 0,
		"inst_own_hist": [["2017-12-29", 0], ["2018-01-31", 0]],
		"inst_own_hist_last_diff": "0",
		"avgvalue": "8.19",
		"yield_hist_trend": "^",
		"per_hist_trend": "v",
		"avgoperating_margin": "13.90",
		"avgoperating_margin_prev": "10.51",
		"avgshares": "5.05",
		"avgemployees": "125.90",
		"avginst_own": "0.00",
		"avgrevenue": "52.04",
		"avgleverage": "6.69",
		"avgprice_to_sales": "0.80",
		"avgavg_revenue_growth_5y": "-3.70",
		"heat_opportunity": "0.07",
		"eps_opportunity": "-0.03",
		"high_yld_low_volatility_bonus": "0.05",
		"revenue_growth_bonus": "0.00",
		"eps_trend": "-0.05",
		"revenue_growth_qq_last_year_hist": [["2018-02-01", "-2.40"]],
		"revenue_growth_qq_last_year_hist_last_diff": 0
	},
	"TL5:BME": {
		"name": "TL5",
		"market": "BME",
		"value": "9.11",
		"session_change": "-0.04",
		"session_change_percentage": "-0.46",
		"title": "Mediaset Espana Comunicacion",
		"yield": "4.80",
		"dividend": "0.44",
		"range_52week": "8.55 - 13.05",
		"range_52week_high": "13.05",
		"range_52week_low": "8.55",
		"range_52week_heat": "0.12",
		"range_52week_volatility": "0.53",
		"divs_per_year": "1",
		"dividend_total_year": "0.44",
		"yield_per_ratio": "0.30",
		"beta": "-",
		"eps": "0.56",
		"per": "16.27",
		"roe": "9.29",
		"eps_hist_last_diff": "6",
		"eps_hist": [["2017-03-01", "0.53"], ["2017-07-28", "0.53"], ["2017-12-08", "0.56"]],
		"yield_hist_last_diff": "3",
		"yield_hist": [["2017-02-02", "4.36"], ["2017-12-29", "4.67"], ["2018-01-31", "4.80"]],
		"per_hist": [["2017-02-02", "20.04"], ["2017-12-29", "16.72"], ["2018-01-31", "16.27"]],
		"avgyield_per_ratio": "0.36",
		"avgyield": "4.61",
		"date": "31 23:26",
		"h_souce": "0.51",
		"per_hist_last_diff": "-3",
		"avgper": "17.68",
		"value_hist": [["2017-12-29", "9.36"], ["2018-01-31", "9.11"]],
		"value_hist_last_diff": "-3",
		"shares": "0.33",
		"mktcap": "3.01",
		"shares_hist": [["2017-12-29", "0.33"], ["2018-01-31", "0.33"]],
		"shares_hist_last_diff": "0",
		"revenue": "0.99",
		"price_to_book": "-",
		"leverage": "1.37",
		"leverage_industry": 0,
		"price_to_sales": 99,
		"revenue_hist": [["2017-12-30", "0.99"], ["2018-02-01", "0.99"]],
		"revenue_hist_last_diff": "0",
		"leverage_hist": [["2017-12-30", "1.37"], ["2018-02-01", "1.37"]],
		"leverage_hist_last_diff": "0",
		"price_to_sales_hist": [["2017-12-30", "3.14"], ["2018-02-01", 99]],
		"price_to_sales_hist_last_diff": "3053",
		"operating_margin": "13.19",
		"employees": "1.3",
		"operating_margin_hist": [["2017-12-29", "13.19"], ["2018-01-31", "13.19"]],
		"operating_margin_hist_last_diff": "0",
		"employees_hist": [["2017-12-29", "1.3"], ["2018-01-31", "1.3"]],
		"employees_hist_last_diff": "0",
		"avgyield_per_ratio_original": "0.28",
		"operating_margin_prev": "22.78",
		"key_period": "2017-09-30",
		"key_period_prev": "2016-12-31a",
		"operating_margin_avg": "17.99",
		"operating_margin_prev_hist": [["2017-12-29", "22.78"], ["2018-01-31", "22.78"]],
		"operating_margin_prev_hist_last_diff": "0",
		"leverage_industry_ratio": "0.55",
		"avg_revenue_growth_5y": "-12.94",
		"avg_revenue_growth_5y_hist": [["2017-12-30", "-12.94"], ["2018-02-01", "-12.94"]],
		"avg_revenue_growth_5y_hist_last_diff": "0",
		"revenue_growth_qq_last_year": "2.30",
		"inst_own": 0,
		"inst_own_hist": [["2017-12-29", 0], ["2018-01-31", 0]],
		"inst_own_hist_last_diff": "0",
		"eps_hist_trend": "-",
		"avgvalue": "9.24",
		"yield_hist_trend": "\/",
		"per_hist_trend": "\\",
		"avgoperating_margin": "13.19",
		"avgoperating_margin_prev": "22.78",
		"avgshares": "0.33",
		"avgemployees": "1.30",
		"avginst_own": "0.00",
		"avgrevenue": "0.99",
		"avgleverage": "1.37",
		"avgprice_to_sales": "51.07",
		"avgavg_revenue_growth_5y": "-12.94",
		"heat_opportunity": "0.08",
		"eps_opportunity": "0.03",
		"high_yld_low_volatility_bonus": "0.00",
		"revenue_growth_bonus": "0.05",
		"eps_trend": "0.00",
		"revenue_growth_qq_last_year_hist": [["2018-02-01", "2.30"]],
		"revenue_growth_qq_last_year_hist_last_diff": 0
	},
	"TRE:BME": {
		"name": "TRE",
		"market": "BME",
		"value": "27.44",
		"session_change": "-0.17",
		"session_change_percentage": "-0.62",
		"title": "Tecnicas Reunidas",
		"yield": "5.09",
		"dividend": "0.67",
		"range_52week": "19.25 - 38.67",
		"range_52week_high": "38.67",
		"range_52week_low": "19.25",
		"range_52week_heat": "0.42",
		"range_52week_volatility": "1.01",
		"divs_per_year": "2",
		"dividend_total_year": "1.34",
		"yield_per_ratio": "0.33",
		"beta": "-",
		"eps": "1.75",
		"per": "15.66",
		"roe": "-1.28",
		"eps_hist_last_diff": "-28",
		"eps_hist": [["2017-03-02", "2.60"], ["2017-05-16", "2.72"], ["2017-08-01", "2.44"], ["2017-11-14", "1.75"]],
		"yield_hist_last_diff": "-4",
		"yield_hist": [["2017-02-02", "3.76"], ["2017-12-29", "5.28"], ["2018-01-31", "5.09"]],
		"per_hist": [["2017-02-02", "43.81"], ["2017-12-29", "15.10"], ["2018-01-31", "15.66"]],
		"eps_hist_last_down": "-28",
		"eps_hist_trend": "\\",
		"avgyield_per_ratio": "0.28",
		"avgyield": "4.71",
		"date": "31 23:26",
		"h_souce": "0.28",
		"per_hist_last_diff": "4",
		"avgper": "24.86",
		"value_hist": [["2017-12-29", "26.46"], ["2018-01-31", "27.44"]],
		"value_hist_last_diff": "4",
		"shares": "0.05",
		"mktcap": "1.37",
		"shares_hist": [["2017-12-29", "0.05"], ["2018-01-31", "0.05"]],
		"shares_hist_last_diff": "0",
		"revenue": "4.79",
		"price_to_book": "-",
		"leverage": 99,
		"leverage_industry": 0,
		"revenue_hist": [["2017-12-30", "4.79"], ["2018-02-01", "4.79"]],
		"revenue_hist_last_diff": "0",
		"leverage_hist": [["2017-12-30", 99], ["2018-02-01", 99]],
		"leverage_hist_last_diff": "0",
		"price_to_sales": "0.28",
		"price_to_sales_hist": [["2017-12-30", "0.27"], ["2018-02-01", "0.28"]],
		"price_to_sales_hist_last_diff": "4",
		"operating_margin": "-1.33",
		"operating_margin_prev": "4.00",
		"key_period": "2017-09-30",
		"key_period_prev": "2016-12-31a",
		"employees": "8.7",
		"operating_margin_hist": [["2017-12-29", "-1.33"], ["2018-01-31", "-1.33"]],
		"operating_margin_hist_last_diff": "0",
		"employees_hist": [["2017-12-29", "8.7"], ["2018-01-31", "8.7"]],
		"employees_hist_last_diff": "0",
		"avgyield_per_ratio_original": "0.30",
		"operating_margin_avg": "1.34",
		"operating_margin_prev_hist": [["2017-12-29", "4.00"], ["2018-01-31", "4.00"]],
		"operating_margin_prev_hist_last_diff": "0",
		"leverage_industry_ratio": "39.60",
		"avg_revenue_growth_5y": "12.90",
		"avg_revenue_growth_5y_hist": [["2017-12-30", "12.90"], ["2018-02-01", "12.90"]],
		"avg_revenue_growth_5y_hist_last_diff": "0",
		"revenue_growth_qq_last_year": "10.60",
		"inst_own": 0,
		"inst_own_hist": [["2017-12-29", 0], ["2018-01-31", 0]],
		"inst_own_hist_last_diff": "0",
		"avgvalue": "26.95",
		"yield_hist_trend": "^",
		"per_hist_trend": "v",
		"avgoperating_margin": "-1.33",
		"avgoperating_margin_prev": "4.00",
		"avgshares": "0.05",
		"avgemployees": "8.70",
		"avginst_own": "0.00",
		"avgrevenue": "4.79",
		"avgleverage": "99.00",
		"avgprice_to_sales": "0.28",
		"avgavg_revenue_growth_5y": "12.90",
		"heat_opportunity": "0.07",
		"eps_opportunity": "-0.03",
		"high_yld_low_volatility_bonus": "0.00",
		"revenue_growth_bonus": "0.00",
		"eps_trend": "-0.05",
		"revenue_growth_qq_last_year_hist": [["2018-02-01", "10.60"]],
		"revenue_growth_qq_last_year_hist_last_diff": 0
	},
	"SX5E:INDEXSTOXX": {
		"name": "SX5E",
		"market": "INDEXSTOXX",
		"value": "3609.29",
		"session_change": "+2.54",
		"session_change_percentage": "0.07",
		"title": "ESTX 50 PR.EUR",
		"yield": 0,
		"range_52week": "3214.31 - 3708.82",
		"range_52week_high": "3708.82",
		"range_52week_low": "3214.31",
		"range_52week_heat": "0.80",
		"range_52week_volatility": "0.15",
		"yield_per_ratio": "0",
		"beta": 0,
		"eps": 0,
		"per": 999,
		"avgyield_per_ratio": "0.01",
		"avgyield": "0.00",
		"date": "31 23:37",
		"h_souce": "0.02",
		"per_hist_last_diff": "0",
		"value_hist": [["2017-12-29", "3503.96"], ["2018-01-31", "3609.29"]],
		"value_hist_last_diff": "3",
		"dividend": 0,
		"eps_hist_last_diff": 0,
		"operating_margin": 0,
		"price_to_sales": 99,
		"leverage": 99,
		"revenue": 0,
		"price_to_book": 0,
		"leverage_industry": 2.5,
		"revenue_hist": [["2017-12-30", 0], ["2018-02-01", 0]],
		"revenue_hist_last_diff": "0",
		"leverage_hist": [["2017-12-30", 99], ["2018-02-01", 99]],
		"leverage_hist_last_diff": "0",
		"price_to_sales_hist": [["2017-12-30", 99], ["2018-02-01", 99]],
		"price_to_sales_hist_last_diff": "0",
		"operating_margin_prev": 0,
		"divs_per_year": "0",
		"dividend_total_year": "0",
		"shares": 0,
		"mktcap": "0.00",
		"roe": 0,
		"operating_margin_avg": 0,
		"key_period": "-",
		"key_period_prev": "-",
		"employees": 0,
		"eps_hist": [],
		"yield_hist": [["2017-12-29", 0], ["2018-01-31", 0]],
		"yield_hist_last_diff": "0",
		"per_hist": [["2017-12-29", 999], ["2018-01-31", 999]],
		"operating_margin_hist": [["2017-12-29", 0], ["2018-01-31", 0]],
		"operating_margin_hist_last_diff": "0",
		"operating_margin_prev_hist": [["2017-12-29", 0], ["2018-01-31", 0]],
		"operating_margin_prev_hist_last_diff": "0",
		"shares_hist": [["2017-12-29", 0], ["2018-01-31", 0]],
		"shares_hist_last_diff": "0",
		"employees_hist": [["2017-12-29", 0], ["2018-01-31", 0]],
		"employees_hist_last_diff": "0",
		"avgyield_per_ratio_original": "0.02",
		"leverage_industry_ratio": "39.60",
		"avg_revenue_growth_5y": 0,
		"avg_revenue_growth_5y_hist": [["2017-12-30", 0], ["2018-02-01", 0]],
		"avg_revenue_growth_5y_hist_last_diff": "0",
		"revenue_growth_qq_last_year": 0,
		"inst_own": 0,
		"inst_own_hist": [["2017-12-29", 0], ["2018-01-31", 0]],
		"inst_own_hist_last_diff": "0",
		"avgvalue": "3556.63",
		"avgper": "999.00",
		"avgoperating_margin": "0.00",
		"avgoperating_margin_prev": "0.00",
		"avgshares": "0.00",
		"avgemployees": "0.00",
		"avginst_own": "0.00",
		"avgrevenue": "0.00",
		"avgleverage": "99.00",
		"avgprice_to_sales": "99.00",
		"avgavg_revenue_growth_5y": "0.00",
		"heat_opportunity": "0.01",
		"eps_opportunity": "0.00",
		"high_yld_low_volatility_bonus": "0.00",
		"revenue_growth_bonus": "0.00",
		"eps_trend": "0.00",
		"revenue_growth_qq_last_year_hist": [["2018-02-01", 0]],
		"revenue_growth_qq_last_year_hist_last_diff": 0
	},
	"NDX:INDEXNASDAQ": {
		"name": "NDX",
		"market": "INDEXNASDAQ",
		"value": "6949.99",
		"session_change": "+19.26",
		"session_change_percentage": "0.28",
		"title": "NASDAQ 100",
		"yield": 0,
		"range_52week": "5086.33 - 7022.97",
		"range_52week_high": "7022.97",
		"range_52week_low": "5086.33",
		"range_52week_heat": "0.96",
		"range_52week_volatility": "0.38",
		"yield_per_ratio": "0",
		"beta": 0,
		"eps": 0,
		"per": 999,
		"avgyield_per_ratio": "0.01",
		"avgyield": "0.00",
		"date": "31 23:37",
		"h_souce": "0.01",
		"value_hist": [["2017-12-29", "6396.42"], ["2018-01-31", "6949.99"]],
		"value_hist_last_diff": "9",
		"dividend": 0,
		"eps_hist_last_diff": 0,
		"operating_margin": 0,
		"price_to_sales": 99,
		"leverage": 99,
		"revenue": 0,
		"price_to_book": 0,
		"leverage_industry": 2.5,
		"revenue_hist": [["2017-12-30", 0], ["2018-02-01", 0]],
		"revenue_hist_last_diff": "0",
		"leverage_hist": [["2017-12-30", 99], ["2018-02-01", 99]],
		"leverage_hist_last_diff": "0",
		"price_to_sales_hist": [["2017-12-30", 99], ["2018-02-01", 99]],
		"price_to_sales_hist_last_diff": "0",
		"operating_margin_prev": 0,
		"divs_per_year": "0",
		"dividend_total_year": "0",
		"shares": 0,
		"mktcap": "0.00",
		"roe": 0,
		"operating_margin_avg": 0,
		"key_period": "-",
		"key_period_prev": "-",
		"employees": 0,
		"eps_hist": [],
		"yield_hist": [["2017-12-29", 0], ["2018-01-31", 0]],
		"yield_hist_last_diff": "0",
		"per_hist": [["2017-12-29", 999], ["2018-01-31", 999]],
		"per_hist_last_diff": "0",
		"operating_margin_hist": [["2017-12-29", 0], ["2018-01-31", 0]],
		"operating_margin_hist_last_diff": "0",
		"operating_margin_prev_hist": [["2017-12-29", 0], ["2018-01-31", 0]],
		"operating_margin_prev_hist_last_diff": "0",
		"shares_hist": [["2017-12-29", 0], ["2018-01-31", 0]],
		"shares_hist_last_diff": "0",
		"employees_hist": [["2017-12-29", 0], ["2018-01-31", 0]],
		"employees_hist_last_diff": "0",
		"avgyield_per_ratio_original": "0.02",
		"leverage_industry_ratio": "39.60",
		"avg_revenue_growth_5y": 0,
		"avg_revenue_growth_5y_hist": [["2017-12-30", 0], ["2018-02-01", 0]],
		"avg_revenue_growth_5y_hist_last_diff": "0",
		"revenue_growth_qq_last_year": 0,
		"inst_own": 0,
		"inst_own_hist": [["2017-12-29", 0], ["2018-01-31", 0]],
		"inst_own_hist_last_diff": "0",
		"avgvalue": "6673.21",
		"avgper": "999.00",
		"avgoperating_margin": "0.00",
		"avgoperating_margin_prev": "0.00",
		"avgshares": "0.00",
		"avgemployees": "0.00",
		"avginst_own": "0.00",
		"avgrevenue": "0.00",
		"avgleverage": "99.00",
		"avgprice_to_sales": "99.00",
		"avgavg_revenue_growth_5y": "0.00",
		"heat_opportunity": "0.00",
		"eps_opportunity": "0.00",
		"high_yld_low_volatility_bonus": "0.00",
		"revenue_growth_bonus": "0.00",
		"eps_trend": "0.00",
		"revenue_growth_qq_last_year_hist": [["2018-02-01", 0]],
		"revenue_growth_qq_last_year_hist_last_diff": 0
	},
	".INX:INDEXSP": {
		"name": ".INX",
		"market": "INDEXSP",
		"value": "2823.81",
		"session_change": "+1.38",
		"session_change_percentage": "0.05",
		"title": "S&amp;P 500",
		"yield": 0,
		"range_52week": "2267.21 - 2872.87",
		"range_52week_high": "2872.87",
		"range_52week_low": "2267.21",
		"range_52week_heat": "0.92",
		"range_52week_volatility": "0.27",
		"yield_per_ratio": "0",
		"beta": 0,
		"per": 999,
		"avgyield_per_ratio": "0.01",
		"avgyield": "0.00",
		"date": "31 23:37",
		"h_souce": "0.01",
		"value_hist": [["2017-12-29", "2673.61"], ["2018-01-31", "2823.81"]],
		"value_hist_last_diff": "6",
		"dividend": 0,
		"eps_hist_last_diff": 0,
		"divs_per_year": "0",
		"dividend_total_year": "0",
		"eps": 0,
		"shares": 0,
		"mktcap": "0.00",
		"roe": 0,
		"operating_margin": 0,
		"employees": 0,
		"eps_hist": [],
		"yield_hist": [["2017-12-29", 0], ["2018-01-31", 0]],
		"yield_hist_last_diff": "0",
		"per_hist": [["2017-12-29", 999], ["2018-01-31", 999]],
		"per_hist_last_diff": "0",
		"operating_margin_hist": [["2017-12-29", 0], ["2018-01-31", 0]],
		"operating_margin_hist_last_diff": "0",
		"shares_hist": [["2017-12-29", 0], ["2018-01-31", 0]],
		"shares_hist_last_diff": "0",
		"employees_hist": [["2017-12-29", 0], ["2018-01-31", 0]],
		"employees_hist_last_diff": "0",
		"avgyield_per_ratio_original": "0.02",
		"price_to_sales": 99,
		"leverage": 99,
		"revenue": 0,
		"price_to_book": 0,
		"leverage_industry": 2.5,
		"revenue_hist": [["2017-12-30", 0], ["2018-02-01", 0]],
		"revenue_hist_last_diff": "0",
		"leverage_hist": [["2017-12-30", 99], ["2018-02-01", 99]],
		"leverage_hist_last_diff": "0",
		"price_to_sales_hist": [["2017-12-30", 99], ["2018-02-01", 99]],
		"price_to_sales_hist_last_diff": "0",
		"operating_margin_prev": 0,
		"key_period": "-",
		"key_period_prev": "-",
		"leverage_industry_ratio": "39.60",
		"operating_margin_avg": 0,
		"operating_margin_prev_hist": [["2017-12-29", 0], ["2018-01-31", 0]],
		"operating_margin_prev_hist_last_diff": "0",
		"avg_revenue_growth_5y": 0,
		"avg_revenue_growth_5y_hist": [["2017-12-30", 0], ["2018-02-01", 0]],
		"avg_revenue_growth_5y_hist_last_diff": "0",
		"revenue_growth_qq_last_year": 0,
		"inst_own": 0,
		"inst_own_hist": [["2017-12-29", 0], ["2018-01-31", 0]],
		"inst_own_hist_last_diff": "0",
		"avgvalue": "2748.71",
		"avgper": "999.00",
		"avgoperating_margin": "0.00",
		"avgoperating_margin_prev": "0.00",
		"avgshares": "0.00",
		"avgemployees": "0.00",
		"avginst_own": "0.00",
		"avgrevenue": "0.00",
		"avgleverage": "99.00",
		"avgprice_to_sales": "99.00",
		"avgavg_revenue_growth_5y": "0.00",
		"heat_opportunity": "0.01",
		"eps_opportunity": "0.00",
		"high_yld_low_volatility_bonus": "0.00",
		"revenue_growth_bonus": "0.00",
		"eps_trend": "0.00",
		"revenue_growth_qq_last_year_hist": [["2018-02-01", 0]],
		"revenue_growth_qq_last_year_hist_last_diff": 0
	},
	"GOOG:NASDAQ": {
		"name": "GOOG",
		"date": "01 08:02",
		"market": "NASDAQ",
		"value": "1169.94",
		"session_change": "+6.25",
		"session_change_percentage": "0.54",
		"title": "Alphabet",
		"yield": 0,
		"dividend": "",
		"range_52week": "790.52 - 1186.89",
		"range_52week_high": "1186.89",
		"range_52week_low": "790.52",
		"range_52week_heat": "0.96",
		"range_52week_volatility": "0.50",
		"divs_per_year": "0",
		"dividend_total_year": "0",
		"yield_per_ratio": "0",
		"beta": "0.94",
		"eps": "30.02",
		"per": "38.98",
		"roe": "17.68",
		"eps_hist_last_diff": "9",
		"eps_hist": [["2017-02-07", "28.26"], ["2017-06-27", "29.61"], ["2017-07-26", "27.62"], ["2017-11-14", "30.02"]],
		"yield_hist_last_diff": "0",
		"yield_hist": [["2017-12-29", 0], ["2018-01-31", 0]],
		"per_hist": [["2017-02-02", "28.70"], ["2017-12-29", "34.86"], ["2018-01-31", "38.98"]],
		"eps_hist_last_down": "-7",
		"eps_hist_trend": "v",
		"usdeur": 0.8053,
		"avgyield_per_ratio": "0.57",
		"avgyield": "0.00",
		"h_souce": "0.70",
		"btcusd": 9988.005,
		"per_hist_last_diff": "12",
		"avgper": "34.18",
		"value_hist": [["2017-12-29", "1046.40"], ["2018-01-31", "1169.94"]],
		"value_hist_last_diff": "12",
		"usdeur_change": -0.00066,
		"btcusd_change": -0.0003,
		"usdeur_hist": [["2017-03-31", 0.937], ["2017-06-31", 0.875], ["2017-09-31", 0.845], ["2017-12-31", 0.833], ["2018-01-31", 0.8053]],
		"usdeur_hist_last_diff": "-3",
		"btcusd_hist": [["2017-03-31", 1088], ["2017-06-31", 2457], ["2017-09-31", 4156], ["2017-12-31", 14248.995], ["2018-01-31", 9988.005]],
		"btcusd_hist_last_diff": "-30",
		"avgusdeur": "0.86",
		"usdeur_hist_trend": "\\",
		"avgbtcusd": "6387.60",
		"btcusd_hist_trend": "^",
		"shares": "0.35",
		"mktcap": "409.48",
		"shares_hist": [["2017-12-29", "0.35"], ["2018-01-31", "0.35"]],
		"shares_hist_last_diff": "0",
		"revenue": "90.27",
		"price_to_book": "5.17",
		"leverage": "1.21",
		"leverage_industry": "1.20",
		"price_to_sales": "7.86",
		"revenue_hist": [["2017-12-30", "90.27"], ["2018-02-01", "90.27"]],
		"revenue_hist_last_diff": "0",
		"leverage_hist": [["2017-12-30", "1.21"], ["2018-02-01", "1.21"]],
		"leverage_hist_last_diff": "0",
		"price_to_sales_hist": [["2017-12-30", "7.01"], ["2018-02-01", "7.86"]],
		"price_to_sales_hist_last_diff": "12",
		"operating_margin": "28.02",
		"employees": "72.1",
		"operating_margin_hist": [["2017-12-29", "28.02"], ["2018-01-31", "28.02"]],
		"operating_margin_hist_last_diff": "0",
		"employees_hist": [["2017-12-29", "72.1"], ["2018-01-31", "72.1"]],
		"employees_hist_last_diff": "0",
		"avgyield_per_ratio_original": "0.04",
		"operating_margin_prev": "26.27",
		"key_period": "2017-09-30",
		"key_period_prev": "2016-12-31a",
		"leverage_industry_ratio": "0.48",
		"operating_margin_avg": "27.15",
		"operating_margin_prev_hist": [["2017-12-29", "26.27"], ["2018-01-31", "26.27"]],
		"operating_margin_prev_hist_last_diff": "0",
		"avg_revenue_growth_5y": "18.95",
		"avg_revenue_growth_5y_hist": [["2017-12-30", "18.95"], ["2018-02-01", "18.95"]],
		"avg_revenue_growth_5y_hist_last_diff": "0",
		"revenue_growth_qq_last_year": "23.70",
		"inst_own": 69,
		"inst_own_hist": [["2017-12-29", 69], ["2018-01-31", 69]],
		"inst_own_hist_last_diff": "0",
		"avgvalue": "1108.17",
		"per_hist_trend": "\/",
		"avgoperating_margin": "28.02",
		"avgoperating_margin_prev": "26.27",
		"avgshares": "0.35",
		"avgemployees": "72.10",
		"avginst_own": "69.00",
		"avgrevenue": "90.27",
		"avgleverage": "1.21",
		"avgprice_to_sales": "7.44",
		"avgavg_revenue_growth_5y": "18.95",
		"heat_opportunity": "0.00",
		"eps_opportunity": "0.03",
		"high_yld_low_volatility_bonus": "0.00",
		"revenue_growth_bonus": "0.05",
		"eps_trend": "0.05",
		"revenue_growth_qq_last_year_hist": [["2018-02-01", "23.70"]],
		"revenue_growth_qq_last_year_hist_last_diff": 0
	},
	"MSFT:NASDAQ": {
		"name": "MSFT",
		"market": "NASDAQ",
		"value": "95.01",
		"session_change": "+2.27",
		"session_change_percentage": "2.45",
		"title": "Microsoft Corporation",
		"yield": "1.77",
		"dividend": "0.42",
		"range_52week": "62.75 - 95.45",
		"range_52week_high": "95.45",
		"range_52week_low": "62.75",
		"range_52week_heat": "0.99",
		"range_52week_volatility": "0.52",
		"divs_per_year": "4",
		"dividend_total_year": "1.68",
		"yield_per_ratio": "0.06",
		"beta": "0.99",
		"eps": "2.96",
		"per": "32.14",
		"roe": "29.74",
		"eps_hist_last_diff": "9",
		"eps_hist": [["2017-02-02", "2.12"], ["2017-04-28", "2.27"], ["2017-07-21", "2.71"], ["2017-10-27", "2.96"]],
		"yield_hist_last_diff": "-10",
		"yield_hist": [["2017-02-02", "2.47"], ["2017-12-29", "1.96"], ["2018-01-31", "1.77"]],
		"per_hist": [["2017-02-02", "29.75"], ["2017-12-29", "28.94"], ["2018-01-31", "32.14"]],
		"eps_hist_trend": "\/",
		"avgyield_per_ratio": "0.32",
		"avgyield": "2.07",
		"date": "31 23:41",
		"h_souce": "0.45",
		"per_hist_last_diff": "11",
		"avgper": "30.28",
		"value_hist": [["2017-12-29", "85.54"], ["2018-01-31", "95.01"]],
		"value_hist_last_diff": "11",
		"shares": "7.71",
		"mktcap": "732.53",
		"shares_hist": [["2017-12-29", "7.71"], ["2018-01-31", "7.71"]],
		"shares_hist_last_diff": "0",
		"revenue": "89.95",
		"price_to_book": "8.18",
		"leverage": "2.78",
		"leverage_industry": "2.73",
		"price_to_sales": "8.02",
		"revenue_hist": [["2017-12-30", "89.95"], ["2018-02-01", "89.95"]],
		"revenue_hist_last_diff": "0",
		"leverage_hist": [["2017-12-30", "2.78"], ["2018-02-01", "2.78"]],
		"leverage_hist_last_diff": "0",
		"price_to_sales_hist": [["2017-12-30", "7.22"], ["2018-02-01", "8.02"]],
		"price_to_sales_hist_last_diff": "11",
		"operating_margin": "31.39",
		"employees": "124.0",
		"operating_margin_hist": [["2017-12-29", "31.39"], ["2018-01-31", "31.39"]],
		"operating_margin_hist_last_diff": "0",
		"employees_hist": [["2017-12-29", "124.0"], ["2018-01-31", "124.0"]],
		"employees_hist_last_diff": "0",
		"avgyield_per_ratio_original": "0.06",
		"operating_margin_prev": "24.76",
		"key_period": "2017-09-30",
		"key_period_prev": "2017-12-31a",
		"leverage_industry_ratio": "1.02",
		"operating_margin_avg": "28.08",
		"operating_margin_prev_hist": [["2017-12-29", "24.76"], ["2018-01-31", "24.76"]],
		"operating_margin_prev_hist_last_diff": "0",
		"avg_revenue_growth_5y": "4.06",
		"avg_revenue_growth_5y_hist": [["2017-12-30", "4.06"], ["2018-02-01", "4.06"]],
		"avg_revenue_growth_5y_hist_last_diff": "0",
		"revenue_growth_qq_last_year": "11.90",
		"inst_own": 76,
		"inst_own_hist": [["2017-12-29", 76], ["2018-01-31", 76]],
		"inst_own_hist_last_diff": "0",
		"avgvalue": "90.28",
		"yield_hist_trend": "\\",
		"per_hist_trend": "v",
		"avgoperating_margin": "31.39",
		"avgoperating_margin_prev": "24.76",
		"avgshares": "7.71",
		"avgemployees": "124.00",
		"avginst_own": "76.00",
		"avgrevenue": "89.95",
		"avgleverage": "2.78",
		"avgprice_to_sales": "7.62",
		"avgavg_revenue_growth_5y": "4.06",
		"heat_opportunity": "0.00",
		"eps_opportunity": "0.03",
		"high_yld_low_volatility_bonus": "0.00",
		"revenue_growth_bonus": "0.05",
		"eps_trend": "0.05",
		"revenue_growth_qq_last_year_hist": [["2018-02-01", "11.90"]],
		"revenue_growth_qq_last_year_hist_last_diff": 0
	},
	"EBAY:NASDAQ": {
		"name": "EBAY",
		"market": "NASDAQ",
		"value": "40.58",
		"session_change": "+0.18",
		"session_change_percentage": "0.45",
		"title": "eBay",
		"yield": 0,
		"dividend": "",
		"range_52week": "31.53 - 41.34",
		"range_52week_high": "41.34",
		"range_52week_low": "31.53",
		"range_52week_heat": "0.92",
		"range_52week_volatility": "0.31",
		"divs_per_year": "0",
		"dividend_total_year": "0",
		"yield_per_ratio": "0",
		"beta": "1.34",
		"eps": "6.77",
		"per": "5.99",
		"roe": "18.44",
		"eps_hist_last_diff": 0,
		"eps_hist": [["2017-02-02", "6.47"], ["2017-04-20", "7.01"], ["2017-07-21", "6.66"], ["2017-10-19", "6.77"]],
		"yield_hist_last_diff": "0",
		"yield_hist": [["2017-12-29", 0], ["2018-01-31", 0]],
		"per_hist": [["2017-02-02", "4.94"], ["2017-12-29", "5.57"], ["2018-01-31", "5.99"]],
		"eps_hist_last_down": "-5",
		"eps_hist_trend": "v",
		"avgyield_per_ratio": "0.45",
		"avgyield": "0.00",
		"date": "31 23:41",
		"h_souce": "0.50",
		"per_hist_last_diff": "8",
		"avgper": "5.50",
		"value_hist": [["2017-12-29", "37.74"], ["2018-01-31", "40.58"]],
		"value_hist_last_diff": "8",
		"shares": "1.04",
		"mktcap": "42.20",
		"shares_hist": [["2017-12-29", "1.04"], ["2018-01-31", "1.04"]],
		"shares_hist_last_diff": "0",
		"revenue": "8.98",
		"price_to_book": "3.76",
		"leverage": "2.30",
		"leverage_industry": "2.93",
		"revenue_hist": [["2017-12-30", "8.98"], ["2018-02-01", "8.98"]],
		"revenue_hist_last_diff": "0",
		"leverage_hist": [["2017-12-30", "2.30"], ["2018-02-01", "2.30"]],
		"leverage_hist_last_diff": "0",
		"price_to_sales": "4.76",
		"price_to_sales_hist": [["2017-12-30", "4.43"], ["2018-02-01", "4.76"]],
		"price_to_sales_hist_last_diff": "7",
		"operating_margin": "23.99",
		"employees": "12.6",
		"operating_margin_hist": [["2017-12-29", "23.99"], ["2018-01-31", "23.99"]],
		"operating_margin_hist_last_diff": "0",
		"employees_hist": [["2017-12-29", "12.6"], ["2018-01-31", "12.6"]],
		"employees_hist_last_diff": "0",
		"avgyield_per_ratio_original": "0.25",
		"operating_margin_prev": "25.89",
		"key_period": "2017-09-30",
		"key_period_prev": "2016-12-31a",
		"leverage_industry_ratio": "0.78",
		"operating_margin_avg": "24.94",
		"operating_margin_prev_hist": [["2017-12-29", "25.89"], ["2018-01-31", "25.89"]],
		"operating_margin_prev_hist_last_diff": "0",
		"avg_revenue_growth_5y": "-5.08",
		"avg_revenue_growth_5y_hist": [["2017-12-30", "-5.08"], ["2018-02-01", "-5.08"]],
		"avg_revenue_growth_5y_hist_last_diff": "0",
		"revenue_growth_qq_last_year": "8.70",
		"inst_own": 88,
		"inst_own_hist": [["2017-12-29", 88], ["2018-01-31", 88]],
		"inst_own_hist_last_diff": "0",
		"avgvalue": "39.16",
		"per_hist_trend": "\/",
		"avgoperating_margin": "23.99",
		"avgoperating_margin_prev": "25.89",
		"avgshares": "1.04",
		"avgemployees": "12.60",
		"avginst_own": "88.00",
		"avgrevenue": "8.98",
		"avgleverage": "2.30",
		"avgprice_to_sales": "4.60",
		"avgavg_revenue_growth_5y": "-5.08",
		"heat_opportunity": "0.01",
		"eps_opportunity": "0.00",
		"high_yld_low_volatility_bonus": "0.00",
		"revenue_growth_bonus": "0.05",
		"eps_trend": "0.00",
		"revenue_growth_qq_last_year_hist": [["2018-02-01", "8.70"]],
		"revenue_growth_qq_last_year_hist_last_diff": 0
	},
	"AMZN:NASDAQ": {
		"name": "AMZN",
		"market": "NASDAQ",
		"value": "1450.89",
		"session_change": "+13.07",
		"session_change_percentage": "0.91",
		"title": "Amazon.com,",
		"yield": 0,
		"dividend": "",
		"range_52week": "803.00 - 1472.58",
		"range_52week_high": "1472.58",
		"range_52week_low": "803.00",
		"range_52week_heat": "0.97",
		"range_52week_volatility": "0.83",
		"divs_per_year": "0",
		"dividend_total_year": "0",
		"yield_per_ratio": "0",
		"beta": "1.46",
		"eps": "3.96",
		"per": "366.22",
		"roe": "4.29",
		"eps_hist_last_diff": "-26",
		"eps_hist": [["2017-02-03", "4.90"], ["2017-05-01", "5.34"], ["2017-07-28", "3.96"]],
		"yield_hist_last_diff": "0",
		"yield_hist": [["2017-12-29", 0], ["2018-01-31", 0]],
		"per_hist": [["2017-02-02", "192.45"], ["2017-12-29", "295.19"], ["2018-01-31", "366.22"]],
		"eps_hist_last_down": "-26",
		"eps_hist_trend": "^",
		"avgyield_per_ratio": "0.30",
		"avgyield": "0.00",
		"date": "31 23:41",
		"h_souce": "0.28",
		"per_hist_last_diff": "24",
		"avgper": "284.62",
		"value_hist": [["2017-12-29", "1169.47"], ["2018-01-31", "1450.89"]],
		"value_hist_last_diff": "24",
		"shares": "0.48",
		"mktcap": "696.43",
		"shares_hist": [["2017-12-29", "0.48"], ["2018-01-31", "0.48"]],
		"shares_hist_last_diff": "0",
		"revenue": "135.99",
		"price_to_book": "28.33",
		"leverage": "4.67",
		"leverage_industry": "2.93",
		"price_to_sales": "4.42",
		"revenue_hist": [["2017-12-30", "135.99"], ["2018-02-01", "135.99"]],
		"revenue_hist_last_diff": "0",
		"leverage_hist": [["2017-12-30", "4.67"], ["2018-02-01", "4.67"]],
		"leverage_hist_last_diff": "0",
		"price_to_sales_hist": [["2017-12-30", "3.56"], ["2018-02-01", "4.42"]],
		"price_to_sales_hist_last_diff": "24",
		"operating_margin": "0.79",
		"employees": "341.4",
		"operating_margin_hist": [["2017-12-29", "0.79"], ["2018-01-31", "0.79"]],
		"operating_margin_hist_last_diff": "0",
		"employees_hist": [["2017-12-29", "341.4"], ["2018-01-31", "341.4"]],
		"employees_hist_last_diff": "0",
		"avgyield_per_ratio_original": "0.02",
		"operating_margin_prev": "3.08",
		"key_period": "2017-09-30",
		"key_period_prev": "2016-12-31a",
		"leverage_industry_ratio": "1.59",
		"operating_margin_avg": "1.94",
		"operating_margin_prev_hist": [["2017-12-29", "3.08"], ["2018-01-31", "3.08"]],
		"operating_margin_prev_hist_last_diff": "0",
		"avg_revenue_growth_5y": "23.12",
		"avg_revenue_growth_5y_hist": [["2017-12-30", "23.12"], ["2018-02-01", "23.12"]],
		"avg_revenue_growth_5y_hist_last_diff": "0",
		"revenue_growth_qq_last_year": "33.70",
		"inst_own": 61,
		"inst_own_hist": [["2017-12-29", 62], ["2018-01-31", 61]],
		"inst_own_hist_last_diff": "-2",
		"avgvalue": "1310.18",
		"per_hist_trend": "\/",
		"avgoperating_margin": "0.79",
		"avgoperating_margin_prev": "3.08",
		"avgshares": "0.48",
		"avgemployees": "341.40",
		"avginst_own": "61.50",
		"avgrevenue": "135.99",
		"avgleverage": "4.67",
		"avgprice_to_sales": "3.99",
		"avgavg_revenue_growth_5y": "23.12",
		"heat_opportunity": "0.00",
		"eps_opportunity": "-0.03",
		"high_yld_low_volatility_bonus": "0.00",
		"revenue_growth_bonus": "0.05",
		"eps_trend": "-0.05",
		"revenue_growth_qq_last_year_hist": [["2018-02-01", "33.70"]],
		"revenue_growth_qq_last_year_hist_last_diff": 0
	},
	"FB:NASDAQ": {
		"name": "FB",
		"market": "NASDAQ",
		"value": "186.89",
		"session_change": "-0.23",
		"session_change_percentage": "-0.12",
		"title": "Facebook",
		"yield": 0,
		"dividend": "",
		"range_52week": "129.52 - 190.66",
		"range_52week_high": "190.66",
		"range_52week_low": "129.52",
		"range_52week_heat": "0.94",
		"range_52week_volatility": "0.47",
		"divs_per_year": "0",
		"dividend_total_year": "0",
		"yield_per_ratio": "0",
		"beta": "0.68",
		"eps": "5.38",
		"per": "34.74",
		"roe": "27.41",
		"eps_hist_last_diff": "17",
		"eps_hist": [["2017-02-04", "3.47"], ["2017-05-05", "3.99"], ["2017-07-27", "4.60"], ["2017-11-03", "5.38"]],
		"yield_hist_last_diff": "0",
		"yield_hist": [["2017-12-29", 0], ["2018-01-31", 0]],
		"per_hist": [["2017-02-02", "40.15"], ["2017-12-29", "32.80"], ["2018-01-31", "34.74"]],
		"eps_hist_trend": "\/",
		"avgyield_per_ratio": "0.55",
		"avgyield": "0.00",
		"date": "31 23:41",
		"h_souce": "0.63",
		"per_hist_last_diff": "6",
		"avgper": "35.90",
		"value_hist": [["2017-12-29", "176.46"], ["2018-01-31", "186.89"]],
		"value_hist_last_diff": "6",
		"shares": "2.38",
		"mktcap": "444.80",
		"shares_hist": [["2017-12-29", "2.38"], ["2018-01-31", "2.38"]],
		"shares_hist_last_diff": "0",
		"revenue": "27.64",
		"price_to_book": "7.63",
		"leverage": "1.11",
		"leverage_industry": "1.20",
		"price_to_sales": "15.13",
		"revenue_hist": [["2017-12-30", "27.64"], ["2018-02-01", "27.64"]],
		"revenue_hist_last_diff": "0",
		"leverage_hist": [["2017-12-30", "1.11"], ["2018-02-01", "1.11"]],
		"leverage_hist_last_diff": "0",
		"price_to_sales_hist": [["2017-12-30", "14.27"], ["2018-02-01", "15.13"]],
		"price_to_sales_hist_last_diff": "6",
		"operating_margin": "49.59",
		"employees": "23.2",
		"operating_margin_hist": [["2017-12-29", "49.59"], ["2018-01-31", "49.59"]],
		"operating_margin_hist_last_diff": "0",
		"employees_hist": [["2017-12-29", "23.2"], ["2018-01-31", "23.2"]],
		"employees_hist_last_diff": "0",
		"avgyield_per_ratio_original": "0.04",
		"operating_margin_prev": "44.96",
		"key_period": "2017-09-30",
		"key_period_prev": "2016-12-31a",
		"leverage_industry_ratio": "0.44",
		"operating_margin_avg": "47.28",
		"operating_margin_prev_hist": [["2017-12-29", "44.96"], ["2018-01-31", "44.96"]],
		"operating_margin_prev_hist_last_diff": "0",
		"avg_revenue_growth_5y": "49.42",
		"avg_revenue_growth_5y_hist": [["2017-12-30", "49.42"], ["2018-02-01", "49.42"]],
		"avg_revenue_growth_5y_hist_last_diff": "0",
		"revenue_growth_qq_last_year": "47.30",
		"inst_own": 73,
		"inst_own_hist": [["2017-12-29", 73], ["2018-01-31", 73]],
		"inst_own_hist_last_diff": "0",
		"avgvalue": "181.68",
		"per_hist_trend": "v",
		"avgoperating_margin": "49.59",
		"avgoperating_margin_prev": "44.96",
		"avgshares": "2.38",
		"avgemployees": "23.20",
		"avginst_own": "73.00",
		"avgrevenue": "27.64",
		"avgleverage": "1.11",
		"avgprice_to_sales": "14.70",
		"avgavg_revenue_growth_5y": "49.42",
		"heat_opportunity": "0.01",
		"eps_opportunity": "0.03",
		"high_yld_low_volatility_bonus": "0.00",
		"revenue_growth_bonus": "0.00",
		"eps_trend": "0.05",
		"revenue_growth_qq_last_year_hist": [["2018-02-01", "47.30"]],
		"revenue_growth_qq_last_year_hist_last_diff": 0
	},
	"TWTR:NYSE": {
		"name": "TWTR",
		"market": "NYSE",
		"value": "25.81",
		"session_change": "+0.19",
		"session_change_percentage": "0.74",
		"title": "Twitter",
		"yield": 0,
		"dividend": "",
		"range_52week": "14.12 - 26.65",
		"range_52week_high": "26.65",
		"range_52week_low": "14.12",
		"range_52week_heat": "0.93",
		"range_52week_volatility": "0.89",
		"divs_per_year": "0",
		"dividend_total_year": "0",
		"yield_per_ratio": "0",
		"beta": "1.11",
		"eps": "-0.51",
		"per": 999,
		"roe": "-1.77",
		"eps_hist_last_diff": "18",
		"eps_hist": [["2017-05-11", "-0.62"], ["2017-10-27", "-0.51"]],
		"yield_hist_last_diff": "0",
		"yield_hist": [["2017-12-29", 0], ["2018-01-31", 0]],
		"per_hist": [["2017-12-29", 999], ["2018-01-31", 999]],
		"avgyield_per_ratio": "0.18",
		"avgyield": "0.00",
		"date": "31 23:45",
		"h_souce": "0.21",
		"per_hist_last_diff": "0",
		"value_hist": [["2017-12-29", "24.01"], ["2018-01-31", "25.81"]],
		"value_hist_last_diff": "7",
		"shares": "0.74",
		"mktcap": "19.10",
		"shares_hist": [["2017-12-29", "0.74"], ["2018-01-31", "0.74"]],
		"shares_hist_last_diff": "0",
		"revenue": "2.53",
		"price_to_book": "3.97",
		"leverage": "1.47",
		"leverage_industry": "1.20",
		"price_to_sales": "7.71",
		"revenue_hist": [["2017-12-30", "2.53"], ["2018-02-01", "2.53"]],
		"revenue_hist_last_diff": "0",
		"leverage_hist": [["2017-12-30", "1.47"], ["2018-02-01", "1.47"]],
		"leverage_hist_last_diff": "0",
		"price_to_sales_hist": [["2017-12-30", "7.17"], ["2018-02-01", "7.71"]],
		"price_to_sales_hist_last_diff": "8",
		"operating_margin": "1.23",
		"employees": "3.6",
		"operating_margin_hist": [["2017-12-29", "1.23"], ["2018-01-31", "1.23"]],
		"operating_margin_hist_last_diff": "0",
		"employees_hist": [["2017-12-29", "3.6"], ["2018-01-31", "3.6"]],
		"employees_hist_last_diff": "0",
		"avgyield_per_ratio_original": "0.02",
		"operating_margin_prev": "-14.52",
		"key_period": "2017-09-30",
		"key_period_prev": "2016-12-31a",
		"leverage_industry_ratio": "0.59",
		"operating_margin_avg": "-6.65",
		"operating_margin_prev_hist": [["2017-12-29", "-14.52"], ["2018-01-31", "-14.52"]],
		"operating_margin_prev_hist_last_diff": "0",
		"avg_revenue_growth_5y": "88.49",
		"avg_revenue_growth_5y_hist": [["2017-12-30", "88.49"], ["2018-02-01", "88.49"]],
		"avg_revenue_growth_5y_hist_last_diff": "0",
		"revenue_growth_qq_last_year": "-4.30",
		"inst_own": 52,
		"inst_own_hist": [["2017-12-29", 52], ["2018-01-31", 52]],
		"inst_own_hist_last_diff": "0",
		"avgvalue": "24.91",
		"avgper": "999.00",
		"avgoperating_margin": "1.23",
		"avgoperating_margin_prev": "-14.52",
		"avgshares": "0.74",
		"avgemployees": "3.60",
		"avginst_own": "52.00",
		"avgrevenue": "2.53",
		"avgleverage": "1.47",
		"avgprice_to_sales": "7.44",
		"avgavg_revenue_growth_5y": "88.49",
		"heat_opportunity": "0.01",
		"eps_opportunity": "0.03",
		"high_yld_low_volatility_bonus": "0.00",
		"revenue_growth_bonus": "0.00",
		"eps_trend": "0.00",
		"revenue_growth_qq_last_year_hist": [["2018-02-01", "-4.30"]],
		"revenue_growth_qq_last_year_hist_last_diff": 0
	},
	"SNAP:NYSE": {
		"name": "SNAP",
		"market": "NYSE",
		"value": "13.52",
		"session_change": "+0.26",
		"session_change_percentage": "1.96",
		"title": "Snap",
		"yield": 0,
		"dividend": "",
		"range_52week": "11.28 - 29.44",
		"range_52week_high": "29.44",
		"range_52week_low": "11.28",
		"range_52week_heat": "0.12",
		"range_52week_volatility": "1.61",
		"divs_per_year": "0",
		"dividend_total_year": "0",
		"yield_per_ratio": "0",
		"beta": "-",
		"eps": "-3.18",
		"per": 999,
		"roe": "-52.93",
		"eps_hist_last_diff": "-9",
		"eps_hist": [["2017-05-12", "-2.67"], ["2017-08-14", "-2.93"], ["2017-11-09", "-3.18"]],
		"yield_hist_last_diff": "0",
		"yield_hist": [["2017-12-29", 0], ["2018-01-31", 0]],
		"per_hist": [["2017-12-29", 999], ["2018-01-31", 999]],
		"eps_hist_last_down": "-9",
		"avgyield_per_ratio": "0.27",
		"avgyield": "0.00",
		"date": "31 23:45",
		"h_souce": "0.38",
		"per_hist_last_diff": "0",
		"value_hist": [["2017-12-29", "14.61"], ["2018-01-31", "13.52"]],
		"value_hist_last_diff": "-7",
		"shares": "0.86",
		"mktcap": "11.63",
		"shares_hist": [["2017-12-29", "0.86"], ["2018-01-31", "0.86"]],
		"shares_hist_last_diff": "0",
		"revenue": "0.40",
		"price_to_book": "5.13",
		"leverage": 99,
		"leverage_industry": "1.20",
		"revenue_hist": [["2017-12-30", "0.40"], ["2018-02-01", "0.40"]],
		"revenue_hist_last_diff": "0",
		"leverage_hist": [["2017-12-30", "1.12"], ["2018-02-01", 99]],
		"leverage_hist_last_diff": "8739",
		"eps_hist_trend": "\\",
		"price_to_sales": "23.04",
		"price_to_sales_hist": [["2017-12-30", "24.88"], ["2018-02-01", "23.04"]],
		"price_to_sales_hist_last_diff": "-7",
		"operating_margin": "-222.10",
		"employees": "1.9",
		"operating_margin_hist": [["2017-12-29", "-222.10"], ["2018-01-31", "-222.10"]],
		"operating_margin_hist_last_diff": "0",
		"employees_hist": [["2017-12-29", "1.9"], ["2018-01-31", "1.9"]],
		"employees_hist_last_diff": "0",
		"avgyield_per_ratio_original": "0.02",
		"operating_margin_prev": "-128.65",
		"key_period": "2017-09-30",
		"key_period_prev": "2016-12-31a",
		"leverage_industry_ratio": "0.45",
		"operating_margin_avg": "-175.38",
		"operating_margin_prev_hist": [["2017-12-29", "-128.65"], ["2018-01-31", "-128.65"]],
		"operating_margin_prev_hist_last_diff": "0",
		"avg_revenue_growth_5y": 0,
		"avg_revenue_growth_5y_hist": [["2017-12-30", 0], ["2018-02-01", 0]],
		"avg_revenue_growth_5y_hist_last_diff": "0",
		"revenue_growth_qq_last_year": 0,
		"inst_own": 37,
		"inst_own_hist": [["2017-12-29", 37], ["2018-01-31", 37]],
		"inst_own_hist_last_diff": "0",
		"avgvalue": "14.07",
		"avgper": "999.00",
		"avgoperating_margin": "-222.10",
		"avgoperating_margin_prev": "-128.65",
		"avgshares": "0.86",
		"avgemployees": "1.90",
		"avginst_own": "37.00",
		"avgrevenue": "0.40",
		"avgleverage": "50.06",
		"avgprice_to_sales": "23.96",
		"avgavg_revenue_growth_5y": "0.00",
		"heat_opportunity": "0.14",
		"eps_opportunity": "-0.03",
		"high_yld_low_volatility_bonus": "0.00",
		"revenue_growth_bonus": "0.05",
		"eps_trend": "-0.05",
		"revenue_growth_qq_last_year_hist": [["2018-02-01", 0]],
		"revenue_growth_qq_last_year_hist_last_diff": 0
	},
	"NUAN:NASDAQ": {
		"name": "NUAN",
		"market": "NASDAQ",
		"value": "17.81",
		"session_change": "+0.13",
		"session_change_percentage": "0.74",
		"title": "Nuance Communications",
		"yield": 0,
		"dividend": "",
		"range_52week": "14.02 - 19.93",
		"range_52week_high": "19.93",
		"range_52week_low": "14.02",
		"range_52week_heat": "0.64",
		"range_52week_volatility": "0.42",
		"divs_per_year": "0",
		"dividend_total_year": "0",
		"yield_per_ratio": "0",
		"beta": "0.60",
		"eps": "-0.52",
		"per": 999,
		"roe": "-13.51",
		"eps_hist_last_diff": "-58",
		"eps_hist": [["2017-02-08", "-0.08"], ["2017-05-11", "-0.18"], ["2017-08-10", "-0.23"], ["2017-11-29", "-0.52"]],
		"yield_hist_last_diff": "0",
		"yield_hist": [["2017-12-29", 0], ["2018-01-31", 0]],
		"per_hist": [["2017-12-29", 999], ["2018-01-31", 999]],
		"eps_hist_last_down": "-58",
		"eps_hist_trend": "\\",
		"avgyield_per_ratio": "-0.01",
		"avgyield": "0.00",
		"date": "31 23:49",
		"h_souce": "-0.06",
		"per_hist_last_diff": "0",
		"value_hist": [["2017-12-29", "16.35"], ["2018-01-31", "17.81"]],
		"value_hist_last_diff": "9",
		"shares": "0.29",
		"mktcap": "5.16",
		"shares_hist": [["2017-12-29", "0.29"], ["2018-01-31", "0.29"]],
		"shares_hist_last_diff": "0",
		"revenue": "1.94",
		"price_to_book": "2.69",
		"leverage": "3.07",
		"leverage_industry": "1.83",
		"price_to_sales": "2.64",
		"revenue_hist": [["2017-12-30", "1.94"], ["2018-01-31", "1.94"]],
		"revenue_hist_last_diff": "0",
		"leverage_hist": [["2017-12-30", "3.07"], ["2018-01-31", "3.07"]],
		"leverage_hist_last_diff": "0",
		"price_to_sales_hist": [["2017-12-30", "2.44"], ["2018-01-31", "2.64"]],
		"price_to_sales_hist_last_diff": "8",
		"operating_margin": "-3.83",
		"employees": "11.6",
		"operating_margin_hist": [["2017-12-29", "-3.83"], ["2018-01-31", "-3.83"]],
		"operating_margin_hist_last_diff": "0",
		"employees_hist": [["2017-12-29", "11.6"], ["2018-01-31", "11.6"]],
		"employees_hist_last_diff": "0",
		"avgyield_per_ratio_original": "0.02",
		"operating_margin_prev": "2.68",
		"key_period": "2017-09-30",
		"key_period_prev": "2017-12-31a",
		"leverage_industry_ratio": "1.23",
		"operating_margin_avg": "-0.58",
		"operating_margin_prev_hist": [["2017-12-29", "2.68"], ["2018-01-31", "2.68"]],
		"operating_margin_prev_hist_last_diff": "0",
		"avg_revenue_growth_5y": "3.27",
		"avg_revenue_growth_5y_hist": [["2017-12-30", "3.27"], ["2018-01-31", "3.27"]],
		"avg_revenue_growth_5y_hist_last_diff": "0",
		"revenue_growth_qq_last_year": "-8.00",
		"inst_own": 87,
		"inst_own_hist": [["2017-12-29", 87], ["2018-01-31", 87]],
		"inst_own_hist_last_diff": "0",
		"avgvalue": "17.08",
		"avgper": "999.00",
		"avgoperating_margin": "-3.83",
		"avgoperating_margin_prev": "2.68",
		"avgshares": "0.29",
		"avgemployees": "11.60",
		"avginst_own": "87.00",
		"avgrevenue": "1.94",
		"avgleverage": "3.07",
		"avgprice_to_sales": "2.54",
		"avgavg_revenue_growth_5y": "3.27",
		"heat_opportunity": "0.03",
		"eps_opportunity": "-0.03",
		"high_yld_low_volatility_bonus": "0.00",
		"revenue_growth_bonus": "0.00",
		"eps_trend": "-0.05",
		"revenue_growth_qq_last_year_hist": [["2018-01-31", "-8.00"]],
		"revenue_growth_qq_last_year_hist_last_diff": 0
	},
	"CMPR:NASDAQ": {
		"name": "CMPR",
		"market": "NASDAQ",
		"value": "127.41",
		"session_change": "-3.94",
		"session_change_percentage": "-3.00",
		"title": "Cimpress NV",
		"yield": 0,
		"dividend": "",
		"range_52week": "78.80 - 138.03",
		"range_52week_high": "138.03",
		"range_52week_low": "78.80",
		"range_52week_heat": "0.82",
		"range_52week_volatility": "0.75",
		"divs_per_year": "0",
		"dividend_total_year": "0",
		"yield_per_ratio": "0",
		"beta": "0.13",
		"eps": "-0.70",
		"per": 999,
		"roe": "117.69",
		"eps_hist_last_diff": "70",
		"eps_hist": [["2017-02-02", "-0.34"], ["2017-04-28", "-0.66"], ["2017-07-28", "-2.34"], ["2017-11-03", "-0.70"]],
		"yield_hist_last_diff": "0",
		"yield_hist": [["2017-12-29", 0], ["2018-01-31", 0]],
		"per_hist": [["2017-12-29", 999], ["2018-01-31", 999]],
		"eps_hist_last_down": "-255",
		"eps_hist_trend": "v",
		"avgyield_per_ratio": "0.24",
		"avgyield": "0.00",
		"date": "31 23:49",
		"h_souce": "0.38",
		"per_hist_last_diff": "0",
		"value_hist": [["2017-12-29", "119.88"], ["2018-01-31", "127.41"]],
		"value_hist_last_diff": "6",
		"shares": "0.03",
		"mktcap": "3.82",
		"shares_hist": [["2017-12-29", "0.03"], ["2018-01-31", "0.03"]],
		"shares_hist_last_diff": "0",
		"revenue": "2.14",
		"price_to_book": "48.31",
		"leverage": "20.13",
		"leverage_industry": "-8.94",
		"price_to_sales": "1.83",
		"revenue_hist": [["2017-12-30", "2.14"], ["2018-01-31", "2.14"]],
		"revenue_hist_last_diff": "0",
		"leverage_hist": [["2017-12-30", "20.13"], ["2018-01-31", "20.13"]],
		"leverage_hist_last_diff": "0",
		"price_to_sales_hist": [["2017-12-30", "1.67"], ["2018-01-31", "1.83"]],
		"price_to_sales_hist_last_diff": "10",
		"operating_margin": "8.28",
		"employees": "10.7",
		"operating_margin_hist": [["2017-12-29", "8.28"], ["2018-01-31", "8.28"]],
		"operating_margin_hist_last_diff": "0",
		"employees_hist": [["2017-12-29", "10.7"], ["2018-01-31", "10.7"]],
		"employees_hist_last_diff": "0",
		"avgyield_per_ratio_original": "0.02",
		"operating_margin_prev": "-2.14",
		"key_period": "2017-09-30",
		"key_period_prev": "2017-12-31a",
		"leverage_industry_ratio": "8.05",
		"operating_margin_avg": "3.07",
		"operating_margin_prev_hist": [["2017-12-29", "-2.14"], ["2018-01-31", "-2.14"]],
		"operating_margin_prev_hist_last_diff": "0",
		"avg_revenue_growth_5y": "15.92",
		"avg_revenue_growth_5y_hist": [["2017-12-30", "15.92"], ["2018-01-31", "15.92"]],
		"avg_revenue_growth_5y_hist_last_diff": "0",
		"revenue_growth_qq_last_year": "26.90",
		"inst_own": 109,
		"inst_own_hist": [["2017-12-29", 107], ["2018-01-31", 109]],
		"inst_own_hist_last_diff": "2",
		"avgvalue": "123.65",
		"avgper": "999.00",
		"avgoperating_margin": "8.28",
		"avgoperating_margin_prev": "-2.14",
		"avgshares": "0.03",
		"avgemployees": "10.70",
		"avginst_own": "108.00",
		"avgrevenue": "2.14",
		"avgleverage": "20.13",
		"avgprice_to_sales": "1.75",
		"avgavg_revenue_growth_5y": "15.92",
		"heat_opportunity": "0.02",
		"eps_opportunity": "0.03",
		"high_yld_low_volatility_bonus": "0.00",
		"revenue_growth_bonus": "0.05",
		"eps_trend": "0.05",
		"revenue_growth_qq_last_year_hist": [["2018-01-31", "26.90"]],
		"revenue_growth_qq_last_year_hist_last_diff": 0
	},
	"PSX:NYSE": {
		"name": "PSX",
		"market": "NYSE",
		"value": "102.40",
		"session_change": "+0.11",
		"session_change_percentage": "0.11",
		"title": "Phillips 66",
		"yield": "2.73",
		"dividend": "0.70",
		"range_52week": "75.14 - 107.47",
		"range_52week_high": "107.47",
		"range_52week_low": "75.14",
		"range_52week_heat": "0.84",
		"range_52week_volatility": "0.43",
		"divs_per_year": "4",
		"dividend_total_year": "2.80",
		"yield_per_ratio": "0.11",
		"beta": "1.24",
		"eps": "3.97",
		"per": "25.77",
		"roe": "14.69",
		"eps_hist_last_diff": "19",
		"eps_hist": [["2017-02-21", "2.93"], ["2017-05-09", "3.22"], ["2017-08-30", "3.34"], ["2017-10-30", "3.97"]],
		"yield_hist_last_diff": "-1",
		"yield_hist": [["2017-02-02", "3.11"], ["2017-12-29", "2.77"], ["2018-01-31", "2.73"]],
		"per_hist": [["2017-02-02", "21.23"], ["2017-12-29", "25.46"], ["2018-01-31", "25.77"]],
		"eps_hist_trend": "\/",
		"avgyield_per_ratio": "0.20",
		"avgyield": "2.87",
		"date": "31 23:49",
		"h_souce": "0.34",
		"per_hist_last_diff": "1",
		"avgper": "24.15",
		"value_hist": [["2017-12-29", "101.15"], ["2018-01-31", "102.40"]],
		"value_hist_last_diff": "1",
		"shares": "0.51",
		"mktcap": "52.22",
		"shares_hist": [["2017-12-29", "0.51"], ["2018-01-31", "0.51"]],
		"shares_hist_last_diff": "0",
		"revenue": "85.78",
		"price_to_book": "2.30",
		"leverage": "2.34",
		"leverage_industry": "2.60",
		"price_to_sales": "0.54",
		"revenue_hist": [["2017-12-30", "85.78"], ["2018-01-31", "85.78"]],
		"revenue_hist_last_diff": "0",
		"leverage_hist": [["2017-12-30", "2.34"], ["2018-01-31", "2.34"]],
		"leverage_hist_last_diff": "0",
		"price_to_sales_hist": [["2017-12-30", "0.54"], ["2018-01-31", "0.54"]],
		"price_to_sales_hist_last_diff": "0",
		"operating_margin": "4.49",
		"employees": "14.8",
		"operating_margin_hist": [["2017-12-29", "4.49"], ["2018-01-31", "4.49"]],
		"operating_margin_hist_last_diff": "0",
		"employees_hist": [["2017-12-29", "14.8"], ["2018-01-31", "14.8"]],
		"employees_hist_last_diff": "0",
		"avgyield_per_ratio_original": "0.11",
		"operating_margin_prev": "1.66",
		"key_period": "2017-09-30",
		"key_period_prev": "2016-12-31a",
		"leverage_industry_ratio": "0.90",
		"operating_margin_avg": "3.08",
		"operating_margin_prev_hist": [["2017-12-29", "1.66"], ["2018-01-31", "1.66"]],
		"operating_margin_prev_hist_last_diff": "0",
		"avg_revenue_growth_5y": "-15.63",
		"avg_revenue_growth_5y_hist": [["2017-12-30", "-15.63"], ["2018-01-31", "-15.63"]],
		"avg_revenue_growth_5y_hist_last_diff": "0",
		"revenue_growth_qq_last_year": "18.50",
		"inst_own": 73,
		"inst_own_hist": [["2017-12-29", 73], ["2018-01-31", 73]],
		"inst_own_hist_last_diff": "0",
		"avgvalue": "101.78",
		"yield_hist_trend": "\\",
		"per_hist_trend": "\/",
		"avgoperating_margin": "4.49",
		"avgoperating_margin_prev": "1.66",
		"avgshares": "0.51",
		"avgemployees": "14.80",
		"avginst_own": "73.00",
		"avgrevenue": "85.78",
		"avgleverage": "2.34",
		"avgprice_to_sales": "0.54",
		"avgavg_revenue_growth_5y": "-15.63",
		"heat_opportunity": "0.01",
		"eps_opportunity": "0.03",
		"high_yld_low_volatility_bonus": "0.00",
		"revenue_growth_bonus": "0.05",
		"eps_trend": "0.05",
		"revenue_growth_qq_last_year_hist": [["2018-01-31", "18.50"]],
		"revenue_growth_qq_last_year_hist_last_diff": 0
	},
	"AAPL:NASDAQ": {
		"name": "AAPL",
		"market": "NASDAQ",
		"value": "167.43",
		"session_change": "+0.46",
		"session_change_percentage": "0.28",
		"title": "Apple",
		"yield": "1.51",
		"dividend": "0.63",
		"range_52week": "120.62 - 180.10",
		"range_52week_high": "180.10",
		"range_52week_low": "120.62",
		"range_52week_heat": "0.79",
		"range_52week_volatility": "0.49",
		"divs_per_year": "4",
		"dividend_total_year": "2.52",
		"yield_per_ratio": "0.08",
		"beta": "1.23",
		"eps": "9.19",
		"per": "18.23",
		"roe": "32.25",
		"eps_hist_last_diff": "5",
		"eps_hist": [["2017-02-02", "8.35"], ["2017-05-03", "8.55"], ["2017-08-03", "8.79"], ["2017-11-06", "9.19"]],
		"yield_hist_last_diff": "1",
		"yield_hist": [["2017-02-02", "1.77"], ["2017-12-29", "1.49"], ["2018-01-31", "1.51"]],
		"per_hist": [["2017-02-02", "15.39"], ["2017-12-29", "18.42"], ["2018-01-31", "18.23"]],
		"eps_hist_trend": "\/",
		"avgyield_per_ratio": "0.50",
		"avgyield": "1.59",
		"date": "31 23:53",
		"h_souce": "0.64",
		"per_hist_last_diff": "-1",
		"avgper": "17.35",
		"value_hist": [["2017-12-29", "169.23"], ["2018-01-31", "167.43"]],
		"value_hist_last_diff": "-1",
		"shares": "5.13",
		"mktcap": "858.92",
		"shares_hist": [["2017-12-29", "5.13"], ["2018-01-31", "5.13"]],
		"shares_hist_last_diff": "0",
		"revenue": "229.23",
		"price_to_book": "6.34",
		"leverage": "2.80",
		"leverage_industry": "2.84",
		"revenue_hist": [["2017-12-30", "229.23"], ["2018-01-31", "229.23"]],
		"revenue_hist_last_diff": "0",
		"leverage_hist": [["2017-12-30", "2.80"], ["2018-01-31", "2.80"]],
		"leverage_hist_last_diff": "0",
		"price_to_sales": "3.83",
		"price_to_sales_hist": [["2017-12-30", "3.88"], ["2018-01-31", "3.83"]],
		"price_to_sales_hist_last_diff": "-1",
		"operating_margin": "24.95",
		"employees": "123.0",
		"operating_margin_hist": [["2017-12-29", "24.95"], ["2018-01-31", "24.95"]],
		"operating_margin_hist_last_diff": "0",
		"employees_hist": [["2017-12-29", "123.0"], ["2018-01-31", "123.0"]],
		"employees_hist_last_diff": "0",
		"avgyield_per_ratio_original": "0.08",
		"operating_margin_prev": "26.76",
		"key_period": "2017-09-30",
		"key_period_prev": "2017-12-31a",
		"leverage_industry_ratio": "0.99",
		"operating_margin_avg": "25.86",
		"operating_margin_prev_hist": [["2017-12-29", "26.76"], ["2018-01-31", "26.76"]],
		"operating_margin_prev_hist_last_diff": "0",
		"avg_revenue_growth_5y": "7.93",
		"avg_revenue_growth_5y_hist": [["2017-12-30", "7.93"], ["2018-01-31", "7.93"]],
		"avg_revenue_growth_5y_hist_last_diff": "0",
		"revenue_growth_qq_last_year": "12.20",
		"inst_own": 62,
		"inst_own_hist": [["2017-12-29", 62], ["2018-01-31", 62]],
		"inst_own_hist_last_diff": "0",
		"avgvalue": "168.33",
		"yield_hist_trend": "v",
		"per_hist_trend": "^",
		"avgoperating_margin": "24.95",
		"avgoperating_margin_prev": "26.76",
		"avgshares": "5.13",
		"avgemployees": "123.00",
		"avginst_own": "62.00",
		"avgrevenue": "229.23",
		"avgleverage": "2.80",
		"avgprice_to_sales": "3.86",
		"avgavg_revenue_growth_5y": "7.93",
		"heat_opportunity": "0.02",
		"eps_opportunity": "0.03",
		"high_yld_low_volatility_bonus": "0.00",
		"revenue_growth_bonus": "0.05",
		"eps_trend": "0.05",
		"revenue_growth_qq_last_year_hist": [["2018-01-31", "12.20"]],
		"revenue_growth_qq_last_year_hist_last_diff": 0
	},
	"INTC:NASDAQ": {
		"name": "INTC",
		"market": "NASDAQ",
		"value": "48.14",
		"session_change": "-0.65",
		"session_change_percentage": "-1.33",
		"title": "Intel Corporation",
		"yield": "2.49",
		"dividend": "0.30",
		"range_52week": "33.23 - 50.85",
		"range_52week_high": "50.85",
		"range_52week_low": "33.23",
		"range_52week_heat": "0.85",
		"range_52week_volatility": "0.53",
		"divs_per_year": "4",
		"dividend_total_year": "1.20",
		"yield_per_ratio": "0.10",
		"beta": "1.06",
		"eps": "1.98",
		"per": "24.35",
		"roe": "-3.94",
		"eps_hist_last_diff": "-31",
		"eps_hist": [["2017-05-05", "2.30"], ["2017-07-31", "2.61"], ["2017-10-30", "2.85"], ["2018-01-29", "1.98"]],
		"yield_hist_last_diff": "6",
		"yield_hist": [["2017-05-05", "2.96"], ["2017-12-29", "2.36"], ["2018-01-31", "2.49"]],
		"per_hist": [["2017-05-05", "15.99"], ["2017-12-29", "16.18"], ["2018-01-31", "24.35"]],
		"avgyield_per_ratio": "0.18",
		"avgyield": "2.60",
		"date": "31 23:53",
		"h_souce": "0.17",
		"per_hist_last_diff": "50",
		"avgper": "18.84",
		"value_hist": [["2016-12-29", "36.16"], ["2017-12-29", "46.16"], ["2018-01-31", "48.14"]],
		"value_hist_last_diff": "33",
		"eps_hist_trend": "^",
		"shares": "4.70",
		"mktcap": "226.26",
		"shares_hist": [["2017-12-29", "4.70"], ["2018-01-31", "4.70"]],
		"shares_hist_last_diff": "0",
		"revenue": "59.39",
		"price_to_book": "-",
		"leverage": "1.79",
		"leverage_industry": "1.72",
		"price_to_sales": 99,
		"revenue_hist": [["2017-12-30", "59.39"], ["2018-01-31", "59.39"]],
		"revenue_hist_last_diff": "0",
		"leverage_hist": [["2017-12-30", "1.79"], ["2018-01-31", "1.79"]],
		"leverage_hist_last_diff": "0",
		"price_to_sales_hist": [["2017-12-30", "3.61"], ["2018-01-31", 99]],
		"price_to_sales_hist_last_diff": "2642",
		"operating_margin": "31.64",
		"employees": "106.0",
		"operating_margin_hist": [["2017-12-29", "31.75"], ["2018-01-31", "31.64"]],
		"operating_margin_hist_last_diff": "-0",
		"employees_hist": [["2017-12-29", "106.0"], ["2018-01-31", "106.0"]],
		"employees_hist_last_diff": "0",
		"avgyield_per_ratio_original": "0.10",
		"operating_margin_prev": "28.58",
		"key_period": "2017-12-31",
		"key_period_prev": "2017-12-31a",
		"leverage_industry_ratio": "0.72",
		"operating_margin_avg": "30.11",
		"operating_margin_prev_hist": [["2017-12-29", "21.52"], ["2018-01-31", "28.58"]],
		"operating_margin_prev_hist_last_diff": "33",
		"avg_revenue_growth_5y": "1.92",
		"avg_revenue_growth_5y_hist": [["2017-12-30", "1.92"], ["2018-01-31", "1.92"]],
		"avg_revenue_growth_5y_hist_last_diff": "0",
		"revenue_growth_qq_last_year": "2.40",
		"inst_own": 70,
		"inst_own_hist": [["2017-12-29", 70], ["2018-01-31", 70]],
		"inst_own_hist_last_diff": "0",
		"avgvalue": "43.49",
		"yield_hist_trend": "v",
		"per_hist_trend": "\/",
		"avgoperating_margin": "31.70",
		"avgoperating_margin_prev": "25.05",
		"avgshares": "4.70",
		"avgemployees": "106.00",
		"avginst_own": "70.00",
		"avgrevenue": "59.39",
		"avgleverage": "1.79",
		"avgprice_to_sales": "51.31",
		"avgavg_revenue_growth_5y": "1.92",
		"heat_opportunity": "0.01",
		"eps_opportunity": "-0.03",
		"high_yld_low_volatility_bonus": "0.00",
		"revenue_growth_bonus": "0.05",
		"eps_trend": "-0.05",
		"value_hist_trend": "\/",
		"revenue_growth_qq_last_year_hist": [["2018-01-31", "2.40"]],
		"revenue_growth_qq_last_year_hist_last_diff": 0,
		"eps_hist_last_down": "-31"
	},
	"BKCC:NASDAQ": {
		"name": "BKCC",
		"market": "NASDAQ",
		"value": "5.96",
		"session_change": "-0.02",
		"session_change_percentage": "-0.33",
		"title": "Blackrock Capital Investment C",
		"yield": "12.08",
		"dividend": "0.18",
		"range_52week": "5.95 - 7.89",
		"range_52week_high": "7.89",
		"range_52week_low": "5.95",
		"range_52week_heat": "0.01",
		"range_52week_volatility": "0.33",
		"divs_per_year": "4",
		"dividend_total_year": "0.72",
		"yield_per_ratio": "0.48",
		"beta": "0.84",
		"eps": "0.24",
		"per": "25.12",
		"roe": "-9.28",
		"eps_hist_last_diff": "-4",
		"eps_hist": [["2017-03-15", "-1.16"], ["2017-05-05", "-0.44"], ["2017-08-04", "-0.09"], ["2017-11-10", "0.26"], ["2018-01-02", "0.24"]],
		"yield_hist_last_diff": "4",
		"yield_hist": [["2017-02-02", "11.51"], ["2017-12-29", "11.56"], ["2018-01-31", "12.08"]],
		"per_hist": [["2017-12-29", "24.08"], ["2018-01-31", "25.12"]],
		"eps_hist_trend": "^",
		"avgyield_per_ratio": "0.34",
		"avgyield": "7.00",
		"date": "31 23:53",
		"h_souce": "0.39",
		"per_hist_last_diff": "4",
		"value_hist": [["2017-12-29", "6.23"], ["2018-01-31", "5.96"]],
		"value_hist_last_diff": "-4",
		"shares": "0.07",
		"mktcap": "0.42",
		"shares_hist": [["2017-12-29", "0.07"], ["2018-01-31", "0.07"]],
		"shares_hist_last_diff": "0",
		"revenue": "0.10",
		"price_to_book": "0.75",
		"leverage": "1.47",
		"leverage_industry": "8.43",
		"price_to_sales": "5.26",
		"revenue_hist": [["2017-12-30", "0.10"], ["2018-01-31", "0.10"]],
		"revenue_hist_last_diff": "0",
		"leverage_hist": [["2017-12-30", "1.47"], ["2018-01-31", "1.47"]],
		"leverage_hist_last_diff": "0",
		"price_to_sales_hist": [["2017-12-30", "5.48"], ["2018-01-31", "5.26"]],
		"price_to_sales_hist_last_diff": "-4",
		"operating_margin": "47.57",
		"employees": "",
		"operating_margin_hist": [["2017-12-29", "47.57"], ["2018-01-31", "47.57"]],
		"operating_margin_hist_last_diff": "0",
		"employees_hist": [["2017-12-29", ""], ["2018-01-31", ""]],
		"employees_hist_last_diff": "0",
		"avgyield_per_ratio_original": "0.28",
		"operating_margin_prev": "46.01",
		"key_period": "2017-09-30",
		"key_period_prev": "2016-12-31a",
		"leverage_industry_ratio": "0.17",
		"operating_margin_avg": "46.79",
		"operating_margin_prev_hist": [["2017-12-29", "46.01"], ["2018-01-31", "46.01"]],
		"operating_margin_prev_hist_last_diff": "0",
		"avg_revenue_growth_5y": "-2.60",
		"avg_revenue_growth_5y_hist": [["2017-12-30", "-2.60"], ["2018-01-31", "-2.60"]],
		"avg_revenue_growth_5y_hist_last_diff": "0",
		"revenue_growth_qq_last_year": "-19.50",
		"inst_own": 34,
		"inst_own_hist": [["2017-12-29", 34], ["2018-01-31", 34]],
		"inst_own_hist_last_diff": "0",
		"avgvalue": "6.10",
		"yield_hist_trend": "\/",
		"avgper": "24.60",
		"avgoperating_margin": "47.57",
		"avgoperating_margin_prev": "46.01",
		"avgshares": "0.07",
		"avgemployees": "0.00",
		"avginst_own": "34.00",
		"eps_hist_last_down": "-4",
		"avgrevenue": "0.10",
		"avgleverage": "1.47",
		"avgprice_to_sales": "5.37",
		"avgavg_revenue_growth_5y": "-2.60",
		"heat_opportunity": "0.07",
		"eps_opportunity": "-0.03",
		"high_yld_low_volatility_bonus": "0.05",
		"revenue_growth_bonus": "0.00",
		"eps_trend": "-0.05",
		"revenue_growth_qq_last_year_hist": [["2018-01-31", "-19.50"]],
		"revenue_growth_qq_last_year_hist_last_diff": 0
	},
	"PCLN:NASDAQ": {
		"name": "PCLN",
		"market": "NASDAQ",
		"value": "1912.05",
		"session_change": "-9.48",
		"session_change_percentage": "-0.49",
		"title": "Priceline Group",
		"yield": 0,
		"dividend": "",
		"range_52week": "1562.86 - 2067.99",
		"range_52week_high": "2067.99",
		"range_52week_low": "1562.86",
		"range_52week_heat": "0.69",
		"range_52week_volatility": "0.32",
		"divs_per_year": "0",
		"dividend_total_year": "0",
		"yield_per_ratio": "0",
		"beta": "1.39",
		"eps": "71.37",
		"per": "26.79",
		"roe": "56.41",
		"eps_hist_last_diff": "52",
		"eps_hist": [["2017-03-01", "42.64"], ["2017-05-12", "44.28"], ["2017-08-09", "47.07"], ["2017-11-14", "71.37"]],
		"yield_hist_last_diff": "0",
		"yield_hist": [["2017-12-29", 0], ["2018-01-31", 0]],
		"per_hist": [["2017-02-02", "40.18"], ["2017-12-29", "24.35"], ["2018-01-31", "26.79"]],
		"eps_hist_trend": "\/",
		"avgyield_per_ratio": "0.50",
		"avgyield": "0.00",
		"date": "31 22:09",
		"h_souce": "0.65",
		"per_hist_last_diff": "10",
		"avgper": "30.44",
		"value_hist": [["2017-12-29", "1737.74"], ["2018-01-31", "1912.05"]],
		"value_hist_last_diff": "10",
		"shares": "0.05",
		"mktcap": "95.60",
		"shares_hist": [["2017-12-29", "0.05"], ["2018-01-31", "0.05"]],
		"shares_hist_last_diff": "0",
		"revenue": "10.74",
		"price_to_book": "7.28",
		"leverage": "2.00",
		"leverage_industry": "1.90",
		"price_to_sales": "7.87",
		"revenue_hist": [["2017-12-30", "10.74"], ["2018-02-01", "10.74"]],
		"revenue_hist_last_diff": "0",
		"leverage_hist": [["2017-12-30", "2.00"], ["2018-02-01", "2.00"]],
		"leverage_hist_last_diff": "0",
		"price_to_sales_hist": [["2017-12-30", "7.12"], ["2018-02-01", "7.87"]],
		"price_to_sales_hist_last_diff": "11",
		"operating_margin": "47.40",
		"employees": "18.5",
		"operating_margin_hist": [["2017-12-29", "47.40"], ["2018-01-31", "47.40"]],
		"operating_margin_hist_last_diff": "0",
		"employees_hist": [["2017-12-29", "18.5"], ["2018-01-31", "18.5"]],
		"employees_hist_last_diff": "0",
		"avgyield_per_ratio_original": "0.06",
		"operating_margin_prev": "26.46",
		"key_period": "2017-09-30",
		"key_period_prev": "2016-12-31a",
		"leverage_industry_ratio": "0.80",
		"operating_margin_avg": "36.93",
		"operating_margin_prev_hist": [["2017-12-29", "26.46"], ["2018-01-31", "26.46"]],
		"operating_margin_prev_hist_last_diff": "0",
		"avg_revenue_growth_5y": "19.79",
		"avg_revenue_growth_5y_hist": [["2017-12-30", "19.79"], ["2018-02-01", "19.79"]],
		"avg_revenue_growth_5y_hist_last_diff": "0",
		"revenue_growth_qq_last_year": "20.10",
		"inst_own": 97,
		"inst_own_hist": [["2017-12-29", 97], ["2018-01-31", 97]],
		"inst_own_hist_last_diff": "0",
		"avgvalue": "1824.90",
		"per_hist_trend": "v",
		"avgoperating_margin": "47.40",
		"avgoperating_margin_prev": "26.46",
		"avgshares": "0.05",
		"avgemployees": "18.50",
		"avginst_own": "97.00",
		"avgrevenue": "10.74",
		"avgleverage": "2.00",
		"avgprice_to_sales": "7.50",
		"avgavg_revenue_growth_5y": "19.79",
		"heat_opportunity": "0.02",
		"eps_opportunity": "0.03",
		"high_yld_low_volatility_bonus": "0.00",
		"revenue_growth_bonus": "0.05",
		"eps_trend": "0.05",
		"revenue_growth_qq_last_year_hist": [["2018-02-01", "20.10"]],
		"revenue_growth_qq_last_year_hist_last_diff": 0
	},
	"TRIP:NASDAQ": {
		"name": "TRIP",
		"market": "NASDAQ",
		"value": "34.67",
		"session_change": "-0.23",
		"session_change_percentage": "-0.66",
		"title": "Tripadvisor",
		"yield": 0,
		"dividend": "",
		"range_52week": "29.50 - 53.47",
		"range_52week_high": "53.47",
		"range_52week_low": "29.50",
		"range_52week_heat": "0.22",
		"range_52week_volatility": "0.81",
		"divs_per_year": "0",
		"dividend_total_year": "0",
		"yield_per_ratio": "0",
		"beta": "2.33",
		"eps": "0.47",
		"per": "74.15",
		"roe": "7.24",
		"eps_hist_last_diff": "-29",
		"eps_hist": [["2017-02-17", "0.80"], ["2017-05-11", "0.70"], ["2017-08-10", "0.66"], ["2017-11-08", "0.47"]],
		"yield_hist_last_diff": "0",
		"yield_hist": [["2017-12-29", 0], ["2018-01-31", 0]],
		"per_hist": [["2017-02-02", "64.35"], ["2017-12-29", "73.70"], ["2018-01-31", "74.15"]],
		"eps_hist_last_down": "-29",
		"eps_hist_trend": "\\",
		"avgyield_per_ratio": "0.35",
		"avgyield": "0.00",
		"date": "31 22:09",
		"h_souce": "0.36",
		"per_hist_last_diff": "1",
		"avgper": "70.73",
		"value_hist": [["2017-12-29", "34.46"], ["2018-01-31", "34.67"]],
		"value_hist_last_diff": "1",
		"shares": "0.13",
		"mktcap": "4.51",
		"shares_hist": [["2017-12-29", "0.13"], ["2018-01-31", "0.13"]],
		"shares_hist_last_diff": "0",
		"revenue": "1.48",
		"price_to_book": "3.42",
		"leverage": "1.66",
		"leverage_industry": "1.90",
		"revenue_hist": [["2017-12-30", "1.48"], ["2018-02-01", "1.48"]],
		"revenue_hist_last_diff": "0",
		"leverage_hist": [["2017-12-30", "1.66"], ["2018-02-01", "1.66"]],
		"leverage_hist_last_diff": "0",
		"price_to_sales": "3.22",
		"price_to_sales_hist": [["2017-12-30", "3.19"], ["2018-02-01", "3.22"]],
		"price_to_sales_hist_last_diff": "1",
		"operating_margin": "9.57",
		"employees": "3.2",
		"operating_margin_hist": [["2017-12-29", "9.57"], ["2018-01-31", "9.57"]],
		"operating_margin_hist_last_diff": "0",
		"employees_hist": [["2017-12-29", "3.2"], ["2018-01-31", "3.2"]],
		"employees_hist_last_diff": "0",
		"avgyield_per_ratio_original": "0.02",
		"operating_margin_prev": "11.22",
		"key_period": "2017-09-30",
		"key_period_prev": "2016-12-31a",
		"leverage_industry_ratio": "0.66",
		"operating_margin_avg": "10.40",
		"operating_margin_prev_hist": [["2017-12-29", "11.22"], ["2018-01-31", "11.22"]],
		"operating_margin_prev_hist_last_diff": "0",
		"avg_revenue_growth_5y": "18.36",
		"avg_revenue_growth_5y_hist": [["2017-12-30", "18.36"], ["2018-02-01", "18.36"]],
		"avg_revenue_growth_5y_hist_last_diff": "0",
		"revenue_growth_qq_last_year": "4.30",
		"inst_own": 100,
		"inst_own_hist": [["2017-12-29", 103], ["2018-01-31", 100]],
		"inst_own_hist_last_diff": "-3",
		"avgvalue": "34.57",
		"per_hist_trend": "\/",
		"avgoperating_margin": "9.57",
		"avgoperating_margin_prev": "11.22",
		"avgshares": "0.13",
		"avgemployees": "3.20",
		"avginst_own": "101.50",
		"avgrevenue": "1.48",
		"avgleverage": "1.66",
		"avgprice_to_sales": "3.21",
		"avgavg_revenue_growth_5y": "18.36",
		"heat_opportunity": "0.08",
		"eps_opportunity": "-0.03",
		"high_yld_low_volatility_bonus": "0.00",
		"revenue_growth_bonus": "0.00",
		"eps_trend": "-0.05",
		"revenue_growth_qq_last_year_hist": [["2018-02-01", "4.30"]],
		"revenue_growth_qq_last_year_hist_last_diff": 0
	},
	"EXPE:NASDAQ": {
		"name": "EXPE",
		"market": "NASDAQ",
		"value": "128.01",
		"session_change": "-0.88",
		"session_change_percentage": "-0.68",
		"title": "Expedia",
		"yield": "0.94",
		"dividend": "0.30",
		"range_52week": "115.55 - 161.00",
		"range_52week_high": "161.00",
		"range_52week_low": "115.55",
		"range_52week_heat": "0.27",
		"range_52week_volatility": "0.39",
		"divs_per_year": "4",
		"dividend_total_year": "1.20",
		"yield_per_ratio": "0.02",
		"beta": "0.89",
		"eps": "2.53",
		"per": "50.52",
		"roe": "32.00",
		"eps_hist_last_diff": "20",
		"eps_hist": [["2017-06-21", "1.96"], ["2017-07-31", "2.11"], ["2017-10-30", "2.53"]],
		"yield_hist_last_diff": "-6",
		"yield_hist": [["2017-06-21", "0.75"], ["2017-12-29", "1.00"], ["2018-01-31", "0.94"]],
		"per_hist": [["2017-06-21", "76.35"], ["2017-12-29", "47.26"], ["2018-01-31", "50.52"]],
		"avgyield_per_ratio": "0.33",
		"avgyield": "0.90",
		"date": "31 22:09",
		"h_souce": "0.46",
		"per_hist_last_diff": "7",
		"avgper": "58.04",
		"value_hist": [["2017-12-29", "119.77"], ["2018-01-31", "128.01"]],
		"value_hist_last_diff": "7",
		"eps_hist_trend": "\/",
		"shares": "0.14",
		"mktcap": "17.92",
		"shares_hist": [["2017-12-29", "0.14"], ["2018-01-31", "0.14"]],
		"shares_hist_last_diff": "0",
		"revenue": "8.77",
		"price_to_book": "4.24",
		"leverage": "4.14",
		"leverage_industry": "1.90",
		"price_to_sales": "2.03",
		"revenue_hist": [["2017-12-30", "8.77"], ["2018-02-01", "8.77"]],
		"revenue_hist_last_diff": "0",
		"leverage_hist": [["2017-12-30", "4.14"], ["2018-02-01", "4.14"]],
		"leverage_hist_last_diff": "0",
		"price_to_sales_hist": [["2017-12-30", "1.93"], ["2018-02-01", "2.03"]],
		"price_to_sales_hist_last_diff": "5",
		"operating_margin": "16.24",
		"employees": "20.1",
		"operating_margin_hist": [["2017-12-29", "16.24"], ["2018-01-31", "16.24"]],
		"operating_margin_hist_last_diff": "0",
		"employees_hist": [["2017-12-29", "20.1"], ["2018-01-31", "20.1"]],
		"employees_hist_last_diff": "0",
		"avgyield_per_ratio_original": "0.03",
		"operating_margin_prev": "5.12",
		"key_period": "2017-09-30",
		"key_period_prev": "2016-12-31a",
		"leverage_industry_ratio": "1.66",
		"operating_margin_avg": "10.68",
		"operating_margin_prev_hist": [["2017-12-29", "5.12"], ["2018-01-31", "5.12"]],
		"operating_margin_prev_hist_last_diff": "0",
		"avg_revenue_growth_5y": "20.53",
		"avg_revenue_growth_5y_hist": [["2017-12-30", "20.53"], ["2018-02-01", "20.53"]],
		"avg_revenue_growth_5y_hist_last_diff": "0",
		"revenue_growth_qq_last_year": "14.90",
		"inst_own": 95,
		"inst_own_hist": [["2017-12-29", 94], ["2018-01-31", 95]],
		"inst_own_hist_last_diff": "1",
		"avgvalue": "123.89",
		"yield_hist_trend": "^",
		"per_hist_trend": "v",
		"avgoperating_margin": "16.24",
		"avgoperating_margin_prev": "5.12",
		"avgshares": "0.14",
		"avgemployees": "20.10",
		"avginst_own": "94.50",
		"avgrevenue": "8.77",
		"avgleverage": "4.14",
		"avgprice_to_sales": "1.98",
		"avgavg_revenue_growth_5y": "20.53",
		"heat_opportunity": "0.06",
		"eps_opportunity": "0.03",
		"high_yld_low_volatility_bonus": "0.00",
		"revenue_growth_bonus": "0.00",
		"eps_trend": "0.05",
		"revenue_growth_qq_last_year_hist": [["2018-02-01", "14.90"]],
		"revenue_growth_qq_last_year_hist_last_diff": 0
	},
	"ING:NYSE": {
		"name": "ING",
		"market": "NYSE",
		"value": "19.70",
		"session_change": "-0.29",
		"session_change_percentage": "-1.45",
		"title": "ING Groep NV (ADR)",
		"yield": "3.80",
		"dividend": "0.28",
		"range_52week": "13.63 - 20.58",
		"range_52week_high": "20.58",
		"range_52week_low": "13.63",
		"range_52week_heat": "0.87",
		"range_52week_volatility": "0.51",
		"divs_per_year": "3",
		"dividend_total_year": "0.84",
		"yield_per_ratio": "0.29",
		"beta": "1.20",
		"eps": "1.48",
		"per": "13.31",
		"roe": "11.10",
		"eps_hist_last_diff": 0,
		"eps_hist": [["2017-03-31", "1.16"], ["2017-06-29", "1.35"], ["2017-09-27", "1.40"], ["2017-12-29", "1.43"], ["2018-01-25", "1.48"]],
		"yield_hist_last_diff": "-6",
		"yield_hist": [["2017-02-02", "5.01"], ["2017-12-29", "4.05"], ["2018-01-31", "3.80"]],
		"per_hist": [["2017-02-02", "12.39"], ["2017-12-29", "12.95"], ["2018-01-31", "13.31"]],
		"eps_hist_trend": "\/",
		"avgyield_per_ratio": "0.26",
		"avgyield": "4.29",
		"date": "31 22:09",
		"h_souce": "0.32",
		"per_hist_last_diff": "3",
		"avgper": "12.88",
		"value_hist": [["2017-12-29", "18.46"], ["2018-01-31", "19.70"]],
		"value_hist_last_diff": "7",
		"shares": "3.88",
		"mktcap": "76.44",
		"shares_hist": [["2017-12-29", "3.88"], ["2018-01-31", "3.88"]],
		"shares_hist_last_diff": "0",
		"revenue": "22.23",
		"price_to_book": "1.28",
		"leverage": "17.35",
		"leverage_industry": "11.49",
		"price_to_sales": "3.47",
		"revenue_hist": [["2017-12-30", "21.48"], ["2018-02-01", "22.23"]],
		"revenue_hist_last_diff": "3",
		"leverage_hist": [["2017-12-30", "17.35"], ["2018-02-01", "17.35"]],
		"leverage_hist_last_diff": "0",
		"price_to_sales_hist": [["2017-12-30", "3.31"], ["2018-02-01", "3.47"]],
		"price_to_sales_hist_last_diff": "5",
		"operating_margin": "46.24",
		"employees": "51.6",
		"operating_margin_hist": [["2017-12-29", "46.24"], ["2018-01-31", "46.24"]],
		"operating_margin_hist_last_diff": "0",
		"employees_hist": [["2017-12-29", "51.6"], ["2018-01-31", "51.6"]],
		"employees_hist_last_diff": "0",
		"avgyield_per_ratio_original": "0.29",
		"operating_margin_prev": "31.64",
		"key_period": "2017-09-30",
		"key_period_prev": "2016-12-31a",
		"leverage_industry_ratio": "1.51",
		"operating_margin_avg": "38.94",
		"operating_margin_prev_hist": [["2017-12-29", "31.64"], ["2018-01-31", "31.64"]],
		"operating_margin_prev_hist_last_diff": "0",
		"avg_revenue_growth_5y": "-19.78",
		"avg_revenue_growth_5y_hist": [["2017-12-30", "-19.78"], ["2018-02-01", "-19.78"]],
		"avg_revenue_growth_5y_hist_last_diff": "0",
		"revenue_growth_qq_last_year": "52.10",
		"inst_own": 3,
		"inst_own_hist": [["2017-12-29", 3], ["2018-01-31", 3]],
		"inst_own_hist_last_diff": "0",
		"avgvalue": "19.08",
		"yield_hist_trend": "\\",
		"per_hist_trend": "\/",
		"avgoperating_margin": "46.24",
		"avgoperating_margin_prev": "31.64",
		"avgshares": "3.88",
		"avgemployees": "51.60",
		"avginst_own": "3.00",
		"avgrevenue": "21.86",
		"avgleverage": "17.35",
		"avgprice_to_sales": "3.39",
		"avgavg_revenue_growth_5y": "-19.78",
		"heat_opportunity": "0.01",
		"eps_opportunity": "0.00",
		"high_yld_low_volatility_bonus": "0.00",
		"revenue_growth_bonus": "0.05",
		"eps_trend": "0.00",
		"revenue_growth_qq_last_year_hist": [["2018-02-01", "52.10"]],
		"revenue_growth_qq_last_year_hist_last_diff": 0
	},
	"MMM:NYSE": {
		"name": "MMM",
		"market": "NYSE",
		"value": "250.50",
		"session_change": "-1.04",
		"session_change_percentage": "-0.41",
		"title": "3M Co",
		"yield": "2.17",
		"dividend": "1.36",
		"range_52week": "173.55 - 259.77",
		"range_52week_high": "259.77",
		"range_52week_low": "173.55",
		"range_52week_heat": "0.89",
		"range_52week_volatility": "0.50",
		"divs_per_year": "4",
		"dividend_total_year": "5.44",
		"yield_per_ratio": "0.07",
		"beta": "1.10",
		"eps": "7.93",
		"per": "31.59",
		"roe": "17.65",
		"eps_hist_last_diff": "-11",
		"eps_hist": [["2017-02-02", "8.16"], ["2017-04-26", "8.27"], ["2017-07-26", "8.77"], ["2017-10-25", "8.96"], ["2018-01-26", "7.93"]],
		"yield_hist_last_diff": "9",
		"yield_hist": [["2017-02-02", "2.55"], ["2017-12-29", "2.00"], ["2018-01-31", "2.17"]],
		"per_hist": [["2017-02-02", "21.34"], ["2017-12-29", "26.27"], ["2018-01-31", "31.59"]],
		"eps_hist_trend": "^",
		"avgyield_per_ratio": "0.28",
		"avgyield": "2.24",
		"date": "31 22:15",
		"h_souce": "0.27",
		"per_hist_last_diff": "20",
		"avgper": "26.40",
		"value_hist": [["2017-12-29", "235.37"], ["2018-01-31", "250.50"]],
		"value_hist_last_diff": "6",
		"shares": "0.59",
		"mktcap": "147.80",
		"shares_hist": [["2017-12-29", "0.60"], ["2018-01-31", "0.59"]],
		"shares_hist_last_diff": "-2",
		"revenue": "30.11",
		"price_to_book": "12.27",
		"leverage": "2.90",
		"leverage_industry": "4.04",
		"price_to_sales": "4.95",
		"revenue_hist": [["2017-12-30", "30.11"], ["2018-02-01", "30.11"]],
		"revenue_hist_last_diff": "0",
		"leverage_hist": [["2017-12-30", "2.90"], ["2018-02-01", "2.90"]],
		"leverage_hist_last_diff": "0",
		"price_to_sales_hist": [["2017-12-30", "4.65"], ["2018-02-01", "4.95"]],
		"price_to_sales_hist_last_diff": "6",
		"operating_margin": "22.79",
		"employees": "91.6",
		"operating_margin_hist": [["2017-12-29", "24.98"], ["2018-01-31", "22.79"]],
		"operating_margin_hist_last_diff": "-9",
		"employees_hist": [["2017-12-29", "91.6"], ["2018-01-31", "91.6"]],
		"employees_hist_last_diff": "0",
		"avgyield_per_ratio_original": "0.07",
		"operating_margin_prev": "24.70",
		"key_period": "2017-12-31",
		"key_period_prev": "2017-12-31a",
		"leverage_industry_ratio": "0.72",
		"operating_margin_avg": "23.75",
		"operating_margin_prev_hist": [["2017-12-29", "23.99"], ["2018-01-31", "24.70"]],
		"operating_margin_prev_hist_last_diff": "3",
		"avg_revenue_growth_5y": "0.33",
		"avg_revenue_growth_5y_hist": [["2017-12-30", "0.33"], ["2018-02-01", "0.33"]],
		"avg_revenue_growth_5y_hist_last_diff": "0",
		"revenue_growth_qq_last_year": "6.00",
		"inst_own": 68,
		"inst_own_hist": [["2017-12-29", 68], ["2018-01-31", 68]],
		"inst_own_hist_last_diff": "0",
		"avgvalue": "242.94",
		"yield_hist_trend": "v",
		"per_hist_trend": "\/",
		"avgoperating_margin": "23.89",
		"avgoperating_margin_prev": "24.35",
		"avgshares": "0.60",
		"avgemployees": "91.60",
		"avginst_own": "68.00",
		"avgrevenue": "30.11",
		"avgleverage": "2.90",
		"avgprice_to_sales": "4.80",
		"avgavg_revenue_growth_5y": "0.33",
		"heat_opportunity": "0.01",
		"eps_opportunity": "-0.03",
		"high_yld_low_volatility_bonus": "0.00",
		"revenue_growth_bonus": "0.05",
		"eps_trend": "-0.05",
		"revenue_growth_qq_last_year_hist": [["2018-02-01", "6.00"]],
		"revenue_growth_qq_last_year_hist_last_diff": 0,
		"eps_hist_last_down": "-11"
	},
	"JNJ:NYSE": {
		"name": "JNJ",
		"market": "NYSE",
		"value": "138.19",
		"session_change": "-4.24",
		"session_change_percentage": "-2.98",
		"title": "Johnson &amp; Johnson",
		"yield": "2.43",
		"dividend": "0.84",
		"range_52week": "112.43 - 148.32",
		"range_52week_high": "148.32",
		"range_52week_low": "112.43",
		"range_52week_heat": "0.72",
		"range_52week_volatility": "0.32",
		"divs_per_year": "4",
		"dividend_total_year": "3.36",
		"yield_per_ratio": "0.01",
		"beta": "0.80",
		"eps": "0.39",
		"per": "357.90",
		"roe": "-",
		"eps_hist_last_diff": "-93",
		"eps_hist": [["2017-02-02", "5.94"], ["2017-08-07", "5.91"], ["2017-10-18", "5.76"], ["2018-01-24", "0.39"]],
		"yield_hist_last_diff": "1",
		"yield_hist": [["2017-02-02", "2.82"], ["2017-12-29", "2.40"], ["2018-01-31", "2.43"]],
		"per_hist": [["2017-02-02", "19.13"], ["2017-12-29", "24.28"], ["2018-01-31", "357.90"]],
		"avgyield_per_ratio": "0.25",
		"avgyield": "2.55",
		"date": "31 22:15",
		"h_souce": "0.25",
		"per_hist_last_diff": "1374",
		"avgper": "133.77",
		"value_hist": [["2017-12-29", "139.72"], ["2018-01-31", "138.19"]],
		"value_hist_last_diff": "-1",
		"eps_hist_trend": "\\",
		"shares": "2.69",
		"mktcap": "371.73",
		"shares_hist": [["2017-12-29", "2.69"], ["2018-01-31", "2.69"]],
		"shares_hist_last_diff": "0",
		"revenue": "71.89",
		"price_to_book": "5.02",
		"leverage": "2.10",
		"leverage_industry": "2.70",
		"revenue_hist": [["2017-12-30", "71.89"], ["2018-02-01", "71.89"]],
		"revenue_hist_last_diff": "0",
		"leverage_hist": [["2017-12-30", "2.10"], ["2018-02-01", "2.10"]],
		"leverage_hist_last_diff": "0",
		"price_to_sales": "5.11",
		"price_to_sales_hist": [["2017-12-30", "5.17"], ["2018-02-01", "5.11"]],
		"price_to_sales_hist_last_diff": "-1",
		"operating_margin": "12.68",
		"employees": "126.4",
		"operating_margin_hist": [["2017-12-29", "24.38"], ["2018-01-31", "12.68"]],
		"operating_margin_hist_last_diff": "-48",
		"employees_hist": [["2017-12-29", "126.4"], ["2018-01-31", "126.4"]],
		"employees_hist_last_diff": "0",
		"avgyield_per_ratio_original": "0.02",
		"operating_margin_prev": "23.12",
		"key_period": "2017-12-31",
		"key_period_prev": "2017-12-31a",
		"leverage_industry_ratio": "0.78",
		"operating_margin_avg": "17.90",
		"operating_margin_prev_hist": [["2017-12-29", "27.55"], ["2018-01-31", "23.12"]],
		"operating_margin_prev_hist_last_diff": "-16",
		"avg_revenue_growth_5y": "2.03",
		"avg_revenue_growth_5y_hist": [["2017-12-30", "2.03"], ["2018-02-01", "2.03"]],
		"avg_revenue_growth_5y_hist_last_diff": "0",
		"revenue_growth_qq_last_year": "10.30",
		"inst_own": 68,
		"inst_own_hist": [["2017-12-29", 68], ["2018-01-31", 68]],
		"inst_own_hist_last_diff": "0",
		"avgvalue": "138.96",
		"yield_hist_trend": "v",
		"per_hist_trend": "\/",
		"avgoperating_margin": "18.53",
		"avgoperating_margin_prev": "25.34",
		"avgshares": "2.69",
		"avgemployees": "126.40",
		"avginst_own": "68.00",
		"avgrevenue": "71.89",
		"avgleverage": "2.10",
		"avgprice_to_sales": "5.14",
		"avgavg_revenue_growth_5y": "2.03",
		"heat_opportunity": "0.02",
		"eps_opportunity": "-0.03",
		"high_yld_low_volatility_bonus": "0.00",
		"revenue_growth_bonus": "0.05",
		"eps_trend": "-0.05",
		"revenue_growth_qq_last_year_hist": [["2018-02-01", "10.30"]],
		"revenue_growth_qq_last_year_hist_last_diff": 0,
		"eps_hist_last_down": "-93"
	},
	"GE:NYSE": {
		"name": "GE",
		"market": "NYSE",
		"value": "16.17",
		"session_change": "+0.22",
		"session_change_percentage": "1.38",
		"title": "General Electric Company",
		"yield": "2.97",
		"dividend": "0.12",
		"range_52week": "15.80 - 30.59",
		"range_52week_high": "30.59",
		"range_52week_low": "15.80",
		"range_52week_heat": "0.03",
		"range_52week_volatility": "0.94",
		"divs_per_year": "4",
		"dividend_total_year": "0.48",
		"yield_per_ratio": "0.20",
		"beta": "1.07",
		"eps": "1.08",
		"per": "14.97",
		"roe": "-",
		"eps_hist_last_diff": "26",
		"eps_hist": [["2017-02-28", "1.01"], ["2017-05-04", "1.08"], ["2017-07-24", "0.87"], ["2017-10-23", "0.86"], ["2018-01-25", "1.08"]],
		"yield_hist_last_diff": "8",
		"yield_hist": [["2017-02-02", "3.23"], ["2017-12-29", "2.75"], ["2018-01-31", "2.97"]],
		"per_hist": [["2017-02-02", "29.16"], ["2017-12-29", "20.38"], ["2018-01-31", "14.97"]],
		"eps_hist_last_down": "-19",
		"eps_hist_trend": "v",
		"avgyield_per_ratio": "0.25",
		"avgyield": "2.98",
		"date": "31 22:15",
		"h_souce": "0.49",
		"per_hist_last_diff": "-27",
		"avgper": "21.50",
		"value_hist": [["2017-12-29", "17.45"], ["2018-01-31", "16.17"]],
		"value_hist_last_diff": "-7",
		"shares": "8.67",
		"mktcap": "140.19",
		"shares_hist": [["2017-12-29", "8.67"], ["2018-01-31", "8.67"]],
		"shares_hist_last_diff": "0",
		"revenue": "123.69",
		"price_to_book": "1.84",
		"leverage": "4.97",
		"leverage_industry": "4.04",
		"price_to_sales": "1.15",
		"revenue_hist": [["2017-12-30", "123.69"], ["2018-02-01", "123.69"]],
		"revenue_hist_last_diff": "0",
		"leverage_hist": [["2017-12-30", "4.97"], ["2018-02-01", "4.97"]],
		"leverage_hist_last_diff": "0",
		"price_to_sales_hist": [["2017-12-30", "1.24"], ["2018-02-01", "1.15"]],
		"price_to_sales_hist_last_diff": "-7",
		"operating_margin": 0,
		"employees": "295.0",
		"operating_margin_hist": [["2017-12-29", "5.92"], ["2018-01-31", 0]],
		"operating_margin_hist_last_diff": "-100",
		"employees_hist": [["2017-12-29", "295.0"], ["2018-01-31", "295.0"]],
		"employees_hist_last_diff": "0",
		"avgyield_per_ratio_original": "0.20",
		"operating_margin_prev": 0,
		"key_period": "2017-12-31",
		"key_period_prev": "2017-12-31a",
		"leverage_industry_ratio": "1.23",
		"operating_margin_avg": 0,
		"operating_margin_prev_hist": [["2017-12-29", "8.30"], ["2018-01-31", 0]],
		"operating_margin_prev_hist_last_diff": "-100",
		"avg_revenue_growth_5y": "-3.43",
		"avg_revenue_growth_5y_hist": [["2017-12-30", "-3.43"], ["2018-02-01", "-3.43"]],
		"avg_revenue_growth_5y_hist_last_diff": "0",
		"revenue_growth_qq_last_year": "14.40",
		"inst_own": 58,
		"inst_own_hist": [["2017-12-29", 57], ["2018-01-31", 58]],
		"inst_own_hist_last_diff": "2",
		"avgvalue": "16.81",
		"yield_hist_trend": "v",
		"per_hist_trend": "\\",
		"avgoperating_margin": "2.96",
		"avgoperating_margin_prev": "4.15",
		"avgshares": "8.67",
		"avgemployees": "295.00",
		"avginst_own": "57.50",
		"avgrevenue": "123.69",
		"avgleverage": "4.97",
		"avgprice_to_sales": "1.20",
		"avgavg_revenue_growth_5y": "-3.43",
		"heat_opportunity": "0.11",
		"eps_opportunity": "0.03",
		"high_yld_low_volatility_bonus": "0.00",
		"revenue_growth_bonus": "0.05",
		"eps_trend": "0.05",
		"revenue_growth_qq_last_year_hist": [["2018-02-01", "14.40"]],
		"revenue_growth_qq_last_year_hist_last_diff": 0
	},
	"WMT:NYSE": {
		"name": "WMT",
		"market": "NYSE",
		"value": "106.60",
		"session_change": "-1.13",
		"session_change_percentage": "-1.05",
		"title": "Wal-Mart Stores",
		"yield": "1.91",
		"dividend": "0.51",
		"range_52week": "65.88 - 109.98",
		"range_52week_high": "109.98",
		"range_52week_low": "65.88",
		"range_52week_heat": "0.92",
		"range_52week_volatility": "0.67",
		"divs_per_year": "4",
		"dividend_total_year": "2.04",
		"yield_per_ratio": "0.07",
		"beta": "0.37",
		"eps": "3.76",
		"per": "28.35",
		"roe": "9.20",
		"eps_hist_last_diff": "-10",
		"eps_hist": [["2017-02-22", "4.39"], ["2017-08-18", "4.16"], ["2017-11-17", "3.76"]],
		"yield_hist_last_diff": "-8",
		"yield_hist": [["2017-02-02", "3.00"], ["2017-12-29", "2.07"], ["2018-01-31", "1.91"]],
		"per_hist": [["2017-02-02", "14.48"], ["2017-12-29", "26.26"], ["2018-01-31", "28.35"]],
		"eps_hist_last_down": "-10",
		"avgyield_per_ratio": "0.20",
		"avgyield": "2.33",
		"date": "31 22:15",
		"h_souce": "0.19",
		"per_hist_last_diff": "8",
		"avgper": "23.03",
		"value_hist": [["2017-12-29", "98.75"], ["2018-01-31", "106.60"]],
		"value_hist_last_diff": "8",
		"shares": "2.96",
		"mktcap": "315.54",
		"shares_hist": [["2017-12-29", "2.96"], ["2018-01-31", "2.96"]],
		"shares_hist_last_diff": "0",
		"revenue": "485.87",
		"price_to_book": "4.15",
		"leverage": "2.75",
		"leverage_industry": "2.79",
		"price_to_sales": "0.65",
		"revenue_hist": [["2017-12-30", "485.87"], ["2018-02-01", "485.87"]],
		"revenue_hist_last_diff": "0",
		"leverage_hist": [["2017-12-30", "2.75"], ["2018-02-01", "2.75"]],
		"leverage_hist_last_diff": "0",
		"price_to_sales_hist": [["2017-12-30", "0.61"], ["2018-02-01", "0.65"]],
		"price_to_sales_hist_last_diff": "7",
		"operating_margin": "2.78",
		"employees": "2300.0",
		"operating_margin_hist": [["2017-12-29", "2.78"], ["2018-01-31", "2.78"]],
		"operating_margin_hist_last_diff": "0",
		"employees_hist": [["2017-12-29", "2300.0"], ["2018-01-31", "2300.0"]],
		"employees_hist_last_diff": "0",
		"avgyield_per_ratio_original": "0.07",
		"operating_margin_prev": "4.69",
		"key_period": "2017-oct",
		"key_period_prev": "2017-12-31a",
		"leverage_industry_ratio": "0.99",
		"operating_margin_avg": "3.74",
		"eps_hist_trend": "\\",
		"operating_margin_prev_hist": [["2017-12-29", "4.69"], ["2018-01-31", "4.69"]],
		"operating_margin_prev_hist_last_diff": "0",
		"avg_revenue_growth_5y": "1.68",
		"avg_revenue_growth_5y_hist": [["2017-12-30", "1.68"], ["2018-02-01", "1.68"]],
		"avg_revenue_growth_5y_hist_last_diff": "0",
		"revenue_growth_qq_last_year": "4.20",
		"inst_own": 31,
		"inst_own_hist": [["2017-12-29", 31], ["2018-01-31", 31]],
		"inst_own_hist_last_diff": "0",
		"avgvalue": "102.68",
		"yield_hist_trend": "\\",
		"per_hist_trend": "\/",
		"avgoperating_margin": "2.78",
		"avgoperating_margin_prev": "4.69",
		"avgshares": "2.96",
		"avgemployees": "2300.00",
		"avginst_own": "31.00",
		"avgrevenue": "485.87",
		"avgleverage": "2.75",
		"avgprice_to_sales": "0.63",
		"avgavg_revenue_growth_5y": "1.68",
		"heat_opportunity": "0.01",
		"eps_opportunity": "-0.03",
		"high_yld_low_volatility_bonus": "0.00",
		"revenue_growth_bonus": "0.05",
		"eps_trend": "-0.05",
		"revenue_growth_qq_last_year_hist": [["2018-02-01", "4.20"]],
		"revenue_growth_qq_last_year_hist_last_diff": 0
	},
	"IBM:NYSE": {
		"name": "IBM",
		"market": "NYSE",
		"value": "163.70",
		"session_change": "+0.08",
		"session_change_percentage": "0.05",
		"title": "International Business Machine",
		"yield": "3.67",
		"dividend": "1.50",
		"range_52week": "139.13 - 182.79",
		"range_52week_high": "182.79",
		"range_52week_low": "139.13",
		"range_52week_heat": "0.56",
		"range_52week_volatility": "0.31",
		"divs_per_year": "4",
		"dividend_total_year": "6.00",
		"yield_per_ratio": "0.14",
		"beta": "0.94",
		"eps": "6.11",
		"per": "26.78",
		"roe": "-22.69",
		"eps_hist_last_diff": "-49",
		"eps_hist": [["2017-02-02", "12.41"], ["2017-04-20", "12.17"], ["2017-07-19", "12.04"], ["2017-10-18", "11.98"], ["2018-01-21", "6.11"]],
		"yield_hist_last_diff": "-6",
		"yield_hist": [["2017-02-02", "3.21"], ["2017-12-29", "3.91"], ["2018-01-31", "3.67"]],
		"per_hist": [["2017-02-02", "14.07"], ["2017-12-29", "12.80"], ["2018-01-31", "26.78"]],
		"eps_hist_trend": "\\",
		"avgyield_per_ratio": "0.23",
		"avgyield": "3.60",
		"date": "31 22:15",
		"h_souce": "0.24",
		"per_hist_last_diff": "109",
		"avgper": "17.88",
		"value_hist": [["2017-12-29", "153.42"], ["2018-01-31", "163.70"]],
		"value_hist_last_diff": "7",
		"shares": "0.93",
		"mktcap": "152.24",
		"shares_hist": [["2017-12-29", "0.93"], ["2018-01-31", "0.93"]],
		"shares_hist_last_diff": "0",
		"revenue": "79.92",
		"price_to_book": "7.72",
		"leverage": "6.20",
		"leverage_industry": "4.26",
		"price_to_sales": "1.97",
		"revenue_hist": [["2017-12-30", "79.92"], ["2018-02-01", "79.92"]],
		"revenue_hist_last_diff": "0",
		"leverage_hist": [["2017-12-30", "6.20"], ["2018-02-01", "6.20"]],
		"leverage_hist_last_diff": "0",
		"price_to_sales_hist": [["2017-12-30", "1.85"], ["2018-02-01", "1.97"]],
		"price_to_sales_hist_last_diff": "6",
		"operating_margin": "19.82",
		"employees": "380.3",
		"operating_margin_hist": [["2017-12-29", "16.00"], ["2018-01-31", "19.82"]],
		"operating_margin_hist_last_diff": "24",
		"employees_hist": [["2017-12-29", "380.3"], ["2018-01-31", "380.3"]],
		"employees_hist_last_diff": "0",
		"avgyield_per_ratio_original": "0.13",
		"operating_margin_prev": "14.41",
		"key_period": "2017-12-31",
		"key_period_prev": "2017-12-31a",
		"leverage_industry_ratio": "1.46",
		"operating_margin_avg": "17.12",
		"operating_margin_prev_hist": [["2017-12-29", "15.43"], ["2018-01-31", "14.41"]],
		"operating_margin_prev_hist_last_diff": "-7",
		"avg_revenue_growth_5y": "-5.65",
		"avg_revenue_growth_5y_hist": [["2017-12-30", "-5.65"], ["2018-02-01", "-5.65"]],
		"avg_revenue_growth_5y_hist_last_diff": "0",
		"revenue_growth_qq_last_year": "-0.40",
		"inst_own": 59,
		"inst_own_hist": [["2017-12-29", 60], ["2018-01-31", 59]],
		"inst_own_hist_last_diff": "-2",
		"avgvalue": "158.56",
		"yield_hist_trend": "^",
		"per_hist_trend": "v",
		"avgoperating_margin": "17.91",
		"avgoperating_margin_prev": "14.92",
		"avgshares": "0.93",
		"avgemployees": "380.30",
		"avginst_own": "59.50",
		"avgrevenue": "79.92",
		"avgleverage": "6.20",
		"avgprice_to_sales": "1.91",
		"avgavg_revenue_growth_5y": "-5.65",
		"eps_hist_last_down": "-49",
		"heat_opportunity": "0.03",
		"eps_opportunity": "-0.03",
		"high_yld_low_volatility_bonus": "0.05",
		"revenue_growth_bonus": "0.00",
		"eps_trend": "-0.05",
		"revenue_growth_qq_last_year_hist": [["2018-02-01", "-0.40"]],
		"revenue_growth_qq_last_year_hist_last_diff": 0
	},
	"SSI:NYSE": {
		"name": "SSI",
		"market": "NYSE",
		"value": "1.67",
		"session_change": "-0.01",
		"session_change_percentage": "-0.60",
		"title": "Stage Stores",
		"yield": "11.98",
		"dividend": "0.05",
		"range_52week": "1.45 - 3.00",
		"range_52week_high": "3.00",
		"range_52week_low": "1.45",
		"range_52week_heat": "0.14",
		"range_52week_volatility": "1.07",
		"divs_per_year": "4",
		"dividend_total_year": "0.20",
		"yield_per_ratio": "0.01",
		"beta": "1.30",
		"eps": "-1.81",
		"per": 999,
		"roe": "-20.59",
		"eps_hist_last_diff": 0,
		"eps_hist": [["2017-03-06", "-1.40"], ["2017-05-22", "-1.52"], ["2017-08-18", "-1.75"], ["2017-12-11", "-1.81"]],
		"yield_hist_last_diff": "1",
		"yield_hist": [["2017-02-02", "22.47"], ["2017-12-29", "11.90"], ["2018-01-31", "11.98"]],
		"per_hist": [["2017-12-29", 999], ["2018-01-31", 999]],
		"eps_hist_last_down": "-4",
		"eps_hist_trend": "\\",
		"avgyield_per_ratio": "0.22",
		"avgyield": "7.00",
		"date": "31 22:23",
		"h_souce": "0.38",
		"per_hist_last_diff": "0",
		"value_hist": [["2017-12-29", "1.68"], ["2018-01-31", "1.67"]],
		"value_hist_last_diff": "-1",
		"shares": "0.03",
		"mktcap": "0.05",
		"shares_hist": [["2017-12-29", "0.03"], ["2018-01-31", "0.03"]],
		"shares_hist_last_diff": "0",
		"revenue": "1.44",
		"price_to_book": "0.14",
		"leverage": "2.87",
		"leverage_industry": "3.10",
		"revenue_hist": [["2017-12-30", "1.44"], ["2018-02-01", "1.44"]],
		"revenue_hist_last_diff": "0",
		"leverage_hist": [["2017-12-30", "2.87"], ["2018-02-01", "2.87"]],
		"leverage_hist_last_diff": "0",
		"price_to_sales": "0.03",
		"price_to_sales_hist": [["2017-12-30", "0.03"], ["2018-02-01", "0.03"]],
		"price_to_sales_hist_last_diff": "0",
		"operating_margin": "-7.93",
		"employees": "12.4",
		"operating_margin_hist": [["2017-12-29", "-7.93"], ["2018-01-31", "-7.93"]],
		"operating_margin_hist_last_diff": "0",
		"employees_hist": [["2017-12-29", "12.4"], ["2018-01-31", "12.4"]],
		"employees_hist_last_diff": "0",
		"avgyield_per_ratio_original": "0.07",
		"operating_margin_prev": "-4.02",
		"key_period": "2017-oct",
		"key_period_prev": "2017-12-31a",
		"leverage_industry_ratio": "0.93",
		"operating_margin_avg": "-5.98",
		"operating_margin_prev_hist": [["2017-12-29", "-4.02"], ["2018-01-31", "-4.02"]],
		"operating_margin_prev_hist_last_diff": "0",
		"avg_revenue_growth_5y": "-0.93",
		"avg_revenue_growth_5y_hist": [["2017-12-30", "-0.93"], ["2018-02-01", "-0.93"]],
		"avg_revenue_growth_5y_hist_last_diff": "0",
		"revenue_growth_qq_last_year": "12.60",
		"inst_own": 55,
		"inst_own_hist": [["2017-12-29", 55], ["2018-01-31", 55]],
		"inst_own_hist_last_diff": "0",
		"avgvalue": "1.68",
		"yield_hist_trend": "v",
		"avgper": "999.00",
		"avgoperating_margin": "-7.93",
		"avgoperating_margin_prev": "-4.02",
		"avgshares": "0.03",
		"avgemployees": "12.40",
		"avginst_own": "55.00",
		"avgrevenue": "1.44",
		"avgleverage": "2.87",
		"avgprice_to_sales": "0.03",
		"avgavg_revenue_growth_5y": "-0.93",
		"heat_opportunity": "0.11",
		"eps_opportunity": "0.00",
		"high_yld_low_volatility_bonus": "0.00",
		"revenue_growth_bonus": "0.05",
		"eps_trend": "0.00",
		"revenue_growth_qq_last_year_hist": [["2018-02-01", "12.60"]],
		"revenue_growth_qq_last_year_hist_last_diff": 0
	},
	"KO:NYSE": {
		"name": "KO",
		"market": "NYSE",
		"value": "47.59",
		"session_change": "+0.18",
		"session_change_percentage": "0.38",
		"title": "The Coca-Cola Co",
		"yield": "3.11",
		"dividend": "0.37",
		"range_52week": "40.22 - 48.62",
		"range_52week_high": "48.62",
		"range_52week_low": "40.22",
		"range_52week_heat": "0.88",
		"range_52week_volatility": "0.21",
		"divs_per_year": "4",
		"dividend_total_year": "1.48",
		"yield_per_ratio": "0.07",
		"beta": "0.70",
		"eps": "1.05",
		"per": "45.28",
		"roe": "26.31",
		"eps_hist_last_diff": "9",
		"eps_hist": [["2017-02-10", "1.49"], ["2017-04-26", "1.43"], ["2017-07-27", "0.96"], ["2017-10-26", "1.05"]],
		"yield_hist_last_diff": "-4",
		"yield_hist": [["2017-02-02", "3.38"], ["2017-12-29", "3.23"], ["2018-01-31", "3.11"]],
		"per_hist": [["2017-02-02", "25.13"], ["2017-12-29", "43.65"], ["2018-01-31", "45.28"]],
		"eps_hist_last_down": "-33",
		"eps_hist_trend": "v",
		"avgyield_per_ratio": "-0.01",
		"avgyield": "3.24",
		"date": "31 22:23",
		"h_souce": "0.13",
		"per_hist_last_diff": "4",
		"avgper": "38.02",
		"value_hist": [["2017-12-29", "45.88"], ["2018-01-31", "47.59"]],
		"value_hist_last_diff": "4",
		"shares": "4.26",
		"mktcap": "202.73",
		"shares_hist": [["2017-12-29", "4.26"], ["2018-01-31", "4.26"]],
		"shares_hist_last_diff": "0",
		"revenue": "41.86",
		"price_to_book": "9.17",
		"leverage": "4.09",
		"leverage_industry": "4.58",
		"price_to_sales": "5.52",
		"revenue_hist": [["2017-12-30", "41.86"], ["2018-02-01", "41.86"]],
		"revenue_hist_last_diff": "0",
		"leverage_hist": [["2017-12-30", "4.09"], ["2018-02-01", "4.09"]],
		"leverage_hist_last_diff": "0",
		"price_to_sales_hist": [["2017-12-30", "5.33"], ["2018-02-01", "5.52"]],
		"price_to_sales_hist_last_diff": "4",
		"operating_margin": "14.17",
		"employees": "100.3",
		"operating_margin_hist": [["2017-12-29", "14.17"], ["2018-01-31", "14.17"]],
		"operating_margin_hist_last_diff": "0",
		"employees_hist": [["2017-12-29", "100.3"], ["2018-01-31", "100.3"]],
		"employees_hist_last_diff": "0",
		"avgyield_per_ratio_original": "0.07",
		"operating_margin_prev": "17.60",
		"key_period": "2017-09-30",
		"key_period_prev": "2016-12-31a",
		"leverage_industry_ratio": "0.89",
		"operating_margin_avg": "15.89",
		"operating_margin_prev_hist": [["2017-12-29", "17.60"], ["2018-01-31", "17.60"]],
		"operating_margin_prev_hist_last_diff": "0",
		"avg_revenue_growth_5y": "-2.10",
		"revenue_growth_qq_last_year": "-14.60",
		"avg_revenue_growth_5y_hist": [["2017-12-30", "-2.10"], ["2018-02-01", "-2.10"]],
		"avg_revenue_growth_5y_hist_last_diff": "0",
		"inst_own": 68,
		"inst_own_hist": [["2017-12-29", 68], ["2018-01-31", 68]],
		"inst_own_hist_last_diff": "0",
		"avgvalue": "46.74",
		"yield_hist_trend": "\\",
		"per_hist_trend": "\/",
		"avgoperating_margin": "14.17",
		"avgoperating_margin_prev": "17.60",
		"avgshares": "4.26",
		"avgemployees": "100.30",
		"avginst_own": "68.00",
		"avgrevenue": "41.86",
		"avgleverage": "4.09",
		"avgprice_to_sales": "5.43",
		"avgavg_revenue_growth_5y": "-2.10",
		"heat_opportunity": "0.01",
		"eps_opportunity": "0.03",
		"high_yld_low_volatility_bonus": "0.05",
		"revenue_growth_bonus": "0.00",
		"eps_trend": "0.05",
		"revenue_growth_qq_last_year_hist": [["2018-02-01", "-14.60"]],
		"revenue_growth_qq_last_year_hist_last_diff": 0
	},
	"DPS:NYSE": {
		"name": "DPS",
		"market": "NYSE",
		"value": "119.35",
		"session_change": "+0.35",
		"session_change_percentage": "0.29",
		"title": "Dr Pepper Snapple Group",
		"yield": "1.94",
		"dividend": "0.58",
		"range_52week": "83.23 - 126.65",
		"range_52week_high": "126.65",
		"range_52week_low": "83.23",
		"range_52week_heat": "0.83",
		"range_52week_volatility": "0.52",
		"divs_per_year": "4",
		"dividend_total_year": "2.32",
		"yield_per_ratio": "0.06",
		"beta": "0.58",
		"eps": "3.99",
		"per": "29.92",
		"roe": "38.01",
		"eps_hist_last_diff": "-4",
		"eps_hist": [["2017-05-09", "4.54"], ["2017-07-31", "4.17"], ["2017-10-26", "3.99"]],
		"yield_hist_last_diff": "-19",
		"yield_hist": [["2017-05-09", "2.56"], ["2017-12-29", "2.39"], ["2018-01-31", "1.94"]],
		"per_hist": [["2017-05-09", "19.95"], ["2017-12-29", "24.34"], ["2018-01-31", "29.92"]],
		"eps_hist_last_down": "-4",
		"avgyield_per_ratio": "0.31",
		"avgyield": "2.30",
		"date": "31 22:23",
		"h_souce": "0.30",
		"per_hist_last_diff": "23",
		"avgper": "24.74",
		"value_hist": [["2017-12-29", "97.06"], ["2018-01-31", "119.35"]],
		"value_hist_last_diff": "23",
		"eps_hist_trend": "\\",
		"shares": "0.18",
		"mktcap": "21.48",
		"shares_hist": [["2017-12-29", "0.18"], ["2018-01-31", "0.18"]],
		"shares_hist_last_diff": "0",
		"revenue": "6.44",
		"price_to_book": "10.12",
		"leverage": "4.72",
		"leverage_industry": "4.58",
		"price_to_sales": "3.31",
		"revenue_hist": [["2017-12-30", "6.44"], ["2018-02-01", "6.44"]],
		"revenue_hist_last_diff": "0",
		"leverage_hist": [["2017-12-30", "4.72"], ["2018-02-01", "4.72"]],
		"leverage_hist_last_diff": "0",
		"price_to_sales_hist": [["2017-12-30", "2.69"], ["2018-02-01", "3.31"]],
		"price_to_sales_hist_last_diff": "23",
		"operating_margin": "20.34",
		"employees": "20.0",
		"operating_margin_hist": [["2017-12-29", "20.34"], ["2018-01-31", "20.34"]],
		"operating_margin_hist_last_diff": "0",
		"employees_hist": [["2017-12-29", "20.0"], ["2018-01-31", "20.0"]],
		"employees_hist_last_diff": "0",
		"avgyield_per_ratio_original": "0.06",
		"operating_margin_prev": "21.77",
		"key_period": "2017-09-30",
		"key_period_prev": "2016-12-31a",
		"leverage_industry_ratio": "1.03",
		"operating_margin_avg": "21.06",
		"operating_margin_prev_hist": [["2017-12-29", "21.77"], ["2018-01-31", "21.77"]],
		"operating_margin_prev_hist_last_diff": "0",
		"avg_revenue_growth_5y": "1.76",
		"revenue_growth_qq_last_year": "3.60",
		"avg_revenue_growth_5y_hist": [["2017-12-30", "1.76"], ["2018-02-01", "1.76"]],
		"avg_revenue_growth_5y_hist_last_diff": "0",
		"inst_own": 96,
		"inst_own_hist": [["2017-12-29", 95], ["2018-01-31", 96]],
		"inst_own_hist_last_diff": "1",
		"avgvalue": "108.21",
		"yield_hist_trend": "\\",
		"per_hist_trend": "\/",
		"avgoperating_margin": "20.34",
		"avgoperating_margin_prev": "21.77",
		"avgshares": "0.18",
		"avgemployees": "20.00",
		"avginst_own": "95.50",
		"avgrevenue": "6.44",
		"avgleverage": "4.72",
		"avgprice_to_sales": "3.00",
		"avgavg_revenue_growth_5y": "1.76",
		"heat_opportunity": "0.01",
		"eps_opportunity": "-0.03",
		"high_yld_low_volatility_bonus": "0.00",
		"revenue_growth_bonus": "0.05",
		"eps_trend": "-0.05",
		"revenue_growth_qq_last_year_hist": [["2018-02-01", "3.60"]],
		"revenue_growth_qq_last_year_hist_last_diff": 0
	},
	"NESN:VTX": {
		"name": "NESN",
		"market": "VTX",
		"value": "80.42",
		"session_change": "-0.04",
		"session_change_percentage": "-0.05",
		"title": "Nestle",
		"yield": "2.86",
		"dividend": "2.30",
		"range_52week": "71.45 - 86.40",
		"range_52week_high": "86.40",
		"range_52week_low": "71.45",
		"range_52week_heat": "0.60",
		"range_52week_volatility": "0.21",
		"divs_per_year": "1",
		"dividend_total_year": "2.30",
		"yield_per_ratio": "0.11",
		"beta": "-",
		"eps": "3.00",
		"per": "26.85",
		"roe": "15.57",
		"eps_hist_last_diff": "9",
		"eps_hist": [["2017-05-02", "2.75"], ["2017-07-31", "3.00"]],
		"yield_hist_last_diff": "4",
		"yield_hist": [["2017-05-02", "2.98"], ["2017-12-29", "2.74"], ["2018-01-31", "2.86"]],
		"per_hist": [["2017-05-02", "28.03"], ["2017-12-29", "27.98"], ["2018-01-31", "26.85"]],
		"avgyield_per_ratio": "0.29",
		"avgyield": "2.86",
		"date": "31 22:23",
		"h_souce": "0.34",
		"per_hist_last_diff": "-4",
		"avgper": "27.62",
		"value_hist": [["2017-12-29", "83.80"], ["2018-01-31", "80.42"]],
		"value_hist_last_diff": "-4",
		"shares": "3.10",
		"mktcap": "249.30",
		"shares_hist": [["2017-12-29", "3.10"], ["2018-01-31", "3.10"]],
		"shares_hist_last_diff": "0",
		"revenue": "89.47",
		"price_to_book": "4.11",
		"leverage": "2.06",
		"leverage_industry": 0,
		"price_to_sales": "2.80",
		"revenue_hist": [["2017-12-30", "89.47"], ["2018-02-01", "89.47"]],
		"revenue_hist_last_diff": "0",
		"leverage_hist": [["2017-12-30", "2.06"], ["2018-02-01", "2.06"]],
		"leverage_hist_last_diff": "0",
		"price_to_sales_hist": [["2017-12-30", "2.92"], ["2018-02-01", "2.80"]],
		"price_to_sales_hist_last_diff": "-4",
		"operating_margin": "15.04",
		"employees": "328.0",
		"operating_margin_hist": [["2017-12-29", "15.04"], ["2018-01-31", "15.04"]],
		"operating_margin_hist_last_diff": "0",
		"employees_hist": [["2017-12-29", "328.0"], ["2018-01-31", "328.0"]],
		"employees_hist_last_diff": "0",
		"avgyield_per_ratio_original": "0.11",
		"operating_margin_prev": "14.71",
		"key_period": "2017-06-30",
		"key_period_prev": "2016-12-31a",
		"leverage_industry_ratio": "0.82",
		"operating_margin_avg": "14.88",
		"operating_margin_prev_hist": [["2017-12-29", "14.71"], ["2018-01-31", "14.71"]],
		"operating_margin_prev_hist_last_diff": "0",
		"avg_revenue_growth_5y": "1.33",
		"revenue_growth_qq_last_year": 0,
		"avg_revenue_growth_5y_hist": [["2017-12-30", "1.33"], ["2018-02-01", "1.33"]],
		"avg_revenue_growth_5y_hist_last_diff": "0",
		"inst_own": 0,
		"inst_own_hist": [["2017-12-29", 0], ["2018-01-31", 0]],
		"inst_own_hist_last_diff": "0",
		"avgvalue": "82.11",
		"yield_hist_trend": "v",
		"per_hist_trend": "\\",
		"avgoperating_margin": "15.04",
		"avgoperating_margin_prev": "14.71",
		"avgshares": "3.10",
		"avgemployees": "328.00",
		"avginst_own": "0.00",
		"avgrevenue": "89.47",
		"avgleverage": "2.06",
		"avgprice_to_sales": "2.86",
		"avgavg_revenue_growth_5y": "1.33",
		"heat_opportunity": "0.03",
		"eps_opportunity": "0.03", 
		"high_yld_low_volatility_bonus": "0.00",
		"revenue_growth_bonus": "0.00",
		"eps_trend": "0.00",
		"revenue_growth_qq_last_year_hist": [["2018-02-01", 0]],
		"revenue_growth_qq_last_year_hist_last_diff": 0
	},
	"PEP:NYSE": {
		"name": "PEP",
		"market": "NYSE",
		"value": "120.30",
		"session_change": "+0.41",
		"session_change_percentage": "0.34",
		"title": "PepsiCo,",
		"yield": "2.68",
		"dividend": "0.81",
		"range_52week": "102.98 - 122.51",
		"range_52week_high": "122.51",
		"range_52week_low": "102.98",
		"range_52week_heat": "0.89",
		"range_52week_volatility": "0.19",
		"divs_per_year": "4",
		"dividend_total_year": "3.24",
		"yield_per_ratio": "0.11",
		"beta": "0.68",
		"eps": "4.84",
		"per": "24.86",
		"roe": "71.61",
		"eps_hist_last_diff": 0,
		"eps_hist": [["2017-05-15", "4.64"], ["2017-07-13", "4.72"], ["2017-10-05", "4.84"]],
		"yield_hist_last_diff": "-0",
		"yield_hist": [["2017-05-15", "2.83"], ["2017-12-29", "2.69"], ["2018-01-31", "2.68"]],
		"per_hist": [["2017-05-15", "24.57"], ["2017-12-29", "24.78"], ["2018-01-31", "24.86"]],
		"avgyield_per_ratio": "0.24",
		"avgyield": "2.73",
		"date": "31 22:26",
		"h_souce": "0.29",
		"eps_hist_trend": "\/",
		"per_hist_last_diff": "0",
		"avgper": "24.74",
		"value_hist": [["2017-12-29", "119.92"], ["2018-01-31", "120.30"]],
		"value_hist_last_diff": "0",
		"shares": "1.42",
		"mktcap": "170.83",
		"shares_hist": [["2017-12-29", "1.42"], ["2018-01-31", "1.42"]],
		"shares_hist_last_diff": "0",
		"revenue": "0.00",
		"price_to_book": "12.90",
		"leverage": "5.92",
		"leverage_industry": "4.58",
		"revenue_hist": [["2017-12-30", "0.00"], ["2018-02-01", "0.00"]],
		"revenue_hist_last_diff": "0",
		"leverage_hist": [["2017-12-30", "5.92"], ["2018-02-01", "5.92"]],
		"leverage_hist_last_diff": "0",
		"price_to_sales": "2.73",
		"price_to_sales_hist": [["2017-12-30", "2.72"], ["2018-02-01", "2.73"]],
		"price_to_sales_hist_last_diff": "0",
		"operating_margin": "18.43",
		"employees": "264.0",
		"operating_margin_hist": [["2017-12-29", "18.43"], ["2018-01-31", "18.43"]],
		"operating_margin_hist_last_diff": "0",
		"employees_hist": [["2017-12-29", "264.0"], ["2018-01-31", "264.0"]],
		"employees_hist_last_diff": "0",
		"avgyield_per_ratio_original": "0.11",
		"operating_margin_prev": "15.58",
		"key_period": "2017-09-30",
		"key_period_prev": "2016-12-31a",
		"leverage_industry_ratio": "1.29",
		"operating_margin_avg": "17.01",
		"operating_margin_prev_hist": [["2017-12-29", "15.58"], ["2018-01-31", "15.58"]],
		"operating_margin_prev_hist_last_diff": "0",
		"avg_revenue_growth_5y": "-1.14",
		"revenue_growth_qq_last_year": "1.30",
		"avg_revenue_growth_5y_hist": [["2017-12-30", "-1.14"], ["2018-02-01", "-1.14"]],
		"avg_revenue_growth_5y_hist_last_diff": "0",
		"inst_own": 72,
		"inst_own_hist": [["2017-12-29", 72], ["2018-01-31", 72]],
		"inst_own_hist_last_diff": "0",
		"avgvalue": "120.11",
		"yield_hist_trend": "\\",
		"per_hist_trend": "\/",
		"avgoperating_margin": "18.43",
		"avgoperating_margin_prev": "15.58",
		"avgshares": "1.42",
		"avgemployees": "264.00",
		"avginst_own": "72.00",
		"avgrevenue": "0.00",
		"avgleverage": "5.92",
		"avgprice_to_sales": "2.73",
		"avgavg_revenue_growth_5y": "-1.14",
		"heat_opportunity": "0.01",
		"eps_opportunity": "0.00",
		"high_yld_low_volatility_bonus": "0.00",
		"revenue_growth_bonus": "0.05",
		"eps_trend": "0.00",
		"revenue_growth_qq_last_year_hist": [["2018-02-01", "1.30"]],
		"revenue_growth_qq_last_year_hist_last_diff": 0
	},
	"BN:EPA": {
		"name": "BN",
		"market": "EPA",
		"value": "69.46",
		"session_change": "+0.49",
		"session_change_percentage": "0.71",
		"title": "Danone",
		"yield": "2.45",
		"dividend": "1.70",
		"range_52week": "57.99 - 72.13",
		"range_52week_high": "72.13",
		"range_52week_low": "57.99",
		"range_52week_heat": "0.81",
		"range_52week_volatility": "0.24",
		"divs_per_year": "1",
		"dividend_total_year": "1.70",
		"yield_per_ratio": "0.10",
		"beta": "-",
		"eps": "2.93",
		"per": "23.69",
		"roe": "15.24",
		"eps_hist_last_diff": "5",
		"eps_hist": [["2017-05-15", "2.79"], ["2017-07-31", "2.93"]],
		"yield_hist_last_diff": "1",
		"yield_hist": [["2017-05-15", "2.53"], ["2017-12-29", "2.43"], ["2018-01-31", "2.45"]],
		"per_hist": [["2017-05-15", "24.05"], ["2017-12-29", "23.86"], ["2018-01-31", "23.69"]],
		"avgyield_per_ratio": "0.25",
		"avgyield": "2.47",
		"date": "31 22:26",
		"h_souce": "0.29",
		"per_hist_last_diff": "-1",
		"avgper": "23.87",
		"value_hist": [["2017-12-29", "69.95"], ["2018-01-31", "69.46"]],
		"value_hist_last_diff": "-1",
		"shares": "0.63",
		"mktcap": "43.76",
		"shares_hist": [["2017-12-29", "0.63"], ["2018-01-31", "0.63"]],
		"shares_hist_last_diff": "0",
		"revenue": "21.94",
		"price_to_book": "3.50",
		"leverage": "3.67",
		"leverage_industry": 0,
		"price_to_sales": "1.86",
		"revenue_hist": [["2017-12-30", "21.94"], ["2018-02-01", "21.94"]],
		"revenue_hist_last_diff": "0",
		"leverage_hist": [["2017-12-30", "3.67"], ["2018-02-01", "3.67"]],
		"leverage_hist_last_diff": "0",
		"price_to_sales_hist": [["2017-12-30", "1.89"], ["2018-02-01", "1.86"]],
		"price_to_sales_hist_last_diff": "-2",
		"operating_margin": "13.08",
		"employees": "99.1",
		"operating_margin_hist": [["2017-12-29", "13.08"], ["2018-01-31", "13.08"]],
		"operating_margin_hist_last_diff": "0",
		"employees_hist": [["2017-12-29", "99.1"], ["2018-01-31", "99.1"]],
		"employees_hist_last_diff": "0",
		"avgyield_per_ratio_original": "0.10",
		"operating_margin_prev": "13.26",
		"key_period": "2017-06-30",
		"key_period_prev": "2016-12-31a",
		"leverage_industry_ratio": "1.47",
		"operating_margin_avg": "13.17",
		"operating_margin_prev_hist": [["2017-12-29", "13.26"], ["2018-01-31", "13.26"]],
		"operating_margin_prev_hist_last_diff": "0",
		"avg_revenue_growth_5y": "2.58",
		"revenue_growth_qq_last_year": "1.60",
		"avg_revenue_growth_5y_hist": [["2017-12-30", "2.58"], ["2018-02-01", "2.58"]],
		"avg_revenue_growth_5y_hist_last_diff": "0",
		"inst_own": 0,
		"inst_own_hist": [["2017-12-29", 0], ["2018-01-31", 0]],
		"inst_own_hist_last_diff": "0",
		"avgvalue": "69.71",
		"yield_hist_trend": "v",
		"per_hist_trend": "\\",
		"avgoperating_margin": "13.08",
		"avgoperating_margin_prev": "13.26",
		"avgshares": "0.63",
		"avgemployees": "99.10",
		"avginst_own": "0.00",
		"avgrevenue": "21.94",
		"avgleverage": "3.67",
		"avgprice_to_sales": "1.88",
		"avgavg_revenue_growth_5y": "2.58",
		"heat_opportunity": "0.01",
		"eps_opportunity": "0.03",
		"high_yld_low_volatility_bonus": "0.00",
		"revenue_growth_bonus": "0.00",
		"eps_trend": "0.00",
		"revenue_growth_qq_last_year_hist": [["2018-02-01", "1.60"]],
		"revenue_growth_qq_last_year_hist_last_diff": 0
	},
	"VZ:NYSE": {
		"name": "VZ",
		"market": "NYSE",
		"value": "54.07",
		"session_change": "+0.17",
		"session_change_percentage": "0.32",
		"title": "Verizon Communications",
		"yield": "4.36",
		"dividend": "0.59",
		"range_52week": "42.80 - 54.77",
		"range_52week_high": "54.77",
		"range_52week_low": "42.80",
		"range_52week_heat": "0.94",
		"range_52week_volatility": "0.28",
		"divs_per_year": "4",
		"dividend_total_year": "2.36",
		"yield_per_ratio": "0.59",
		"beta": "0.57",
		"eps": "7.36",
		"per": "7.35",
		"roe": "214.12",
		"eps_hist_last_diff": "89",
		"eps_hist": [["2017-02-02", "3.21"], ["2017-04-21", "3.00"], ["2017-07-31", "3.90"], ["2018-01-24", "7.36"]],
		"yield_hist_last_diff": "-2",
		"yield_hist": [["2017-02-02", "4.78"], ["2017-12-29", "4.46"], ["2018-01-31", "4.36"]],
		"per_hist": [["2017-02-02", "15.03"], ["2017-12-29", "13.58"], ["2018-01-31", "7.35"]],
		"eps_hist_trend": "\/",
		"avgyield_per_ratio": "0.48",
		"avgyield": "4.53",
		"date": "31 22:26",
		"h_souce": "0.61",
		"per_hist_last_diff": "-46",
		"avgper": "11.99",
		"value_hist": [["2017-12-29", "52.93"], ["2018-01-31", "54.07"]],
		"value_hist_last_diff": "2",
		"shares": "4.08",
		"mktcap": "220.61",
		"shares_hist": [["2017-12-29", "4.08"], ["2018-01-31", "4.08"]],
		"shares_hist_last_diff": "0",
		"revenue": "125.98",
		"price_to_book": "8.22",
		"leverage": "9.49",
		"leverage_industry": "3.78",
		"price_to_sales": "1.78",
		"revenue_hist": [["2017-12-30", "125.98"], ["2018-02-01", "125.98"]],
		"revenue_hist_last_diff": "0",
		"leverage_hist": [["2017-12-30", "9.49"], ["2018-02-01", "9.49"]],
		"leverage_hist_last_diff": "0",
		"price_to_sales_hist": [["2017-12-30", "1.74"], ["2018-02-01", "1.78"]],
		"price_to_sales_hist_last_diff": "2",
		"operating_margin": "14.12",
		"employees": "160.1",
		"operating_margin_hist": [["2017-12-29", "22.73"], ["2018-01-31", "14.12"]],
		"operating_margin_hist_last_diff": "-38",
		"employees_hist": [["2017-12-29", "160.1"], ["2018-01-31", "160.1"]],
		"employees_hist_last_diff": "0",
		"avgyield_per_ratio_original": "0.59",
		"operating_margin_prev": "21.75",
		"key_period": "2017-12-31",
		"key_period_prev": "2017-12-31a",
		"leverage_industry_ratio": "2.51",
		"operating_margin_avg": "17.94",
		"operating_margin_prev_hist": [["2017-12-29", "21.48"], ["2018-01-31", "21.75"]],
		"operating_margin_prev_hist_last_diff": "1",
		"avg_revenue_growth_5y": "2.59",
		"revenue_growth_qq_last_year": "2.50",
		"avg_revenue_growth_5y_hist": [["2017-12-30", "2.59"], ["2018-02-01", "2.59"]],
		"avg_revenue_growth_5y_hist_last_diff": "0",
		"inst_own": 66,
		"inst_own_hist": [["2017-12-29", 66], ["2018-01-31", 66]],
		"inst_own_hist_last_diff": "0",
		"avgvalue": "53.50",
		"yield_hist_trend": "\\",
		"per_hist_trend": "\\",
		"avgoperating_margin": "18.43",
		"avgoperating_margin_prev": "21.62",
		"avgshares": "4.08",
		"avgemployees": "160.10",
		"avginst_own": "66.00",
		"avgrevenue": "125.98",
		"avgleverage": "9.49",
		"avgprice_to_sales": "1.76",
		"avgavg_revenue_growth_5y": "2.59",
		"heat_opportunity": "0.00",
		"eps_opportunity": "0.03",
		"high_yld_low_volatility_bonus": "0.05",
		"revenue_growth_bonus": "0.00",
		"eps_trend": "0.05",
		"revenue_growth_qq_last_year_hist": [["2018-02-01", "2.50"]],
		"revenue_growth_qq_last_year_hist_last_diff": 0
	},
	"T:NYSE": {
		"name": "T",
		"market": "NYSE",
		"value": "37.45",
		"session_change": "+0.01",
		"session_change_percentage": "0.03",
		"title": "AT&amp;T",
		"yield": "5.34",
		"dividend": "0.50",
		"range_52week": "32.55 - 42.70",
		"range_52week_high": "42.70",
		"range_52week_low": "32.55",
		"range_52week_heat": "0.48",
		"range_52week_volatility": "0.31",
		"divs_per_year": "4",
		"dividend_total_year": "2.00",
		"yield_per_ratio": "0.30",
		"beta": "0.44",
		"eps": "2.08",
		"per": "18.00",
		"roe": "9.73",
		"eps_hist_last_diff": 0,
		"eps_hist": [["2017-05-05", "2.04"], ["2017-07-26", "2.13"], ["2017-10-27", "2.08"]],
		"yield_hist_last_diff": "4",
		"yield_hist": [["2017-05-05", "5.08"], ["2017-12-29", "5.14"], ["2018-01-31", "5.34"]],
		"per_hist": [["2017-05-05", "18.86"], ["2017-12-29", "18.69"], ["2018-01-31", "18.00"]],
		"avgyield_per_ratio": "0.63",
		"avgyield": "5.19",
		"date": "31 22:26",
		"h_souce": "0.72",
		"per_hist_last_diff": "-4",
		"avgper": "18.52",
		"value_hist": [["2017-12-29", "38.88"], ["2018-01-31", "37.45"]],
		"value_hist_last_diff": "-4",
		"eps_hist_trend": "^",
		"shares": "6.14",
		"mktcap": "229.94",
		"shares_hist": [["2017-12-29", "6.14"], ["2018-01-31", "6.14"]],
		"shares_hist_last_diff": "0",
		"revenue": "163.79",
		"price_to_book": "1.84",
		"leverage": "3.55",
		"leverage_industry": "3.78",
		"price_to_sales": "1.44",
		"revenue_hist": [["2017-12-30", "163.79"], ["2018-02-01", "163.79"]],
		"revenue_hist_last_diff": "0",
		"leverage_hist": [["2017-12-30", "3.55"], ["2018-02-01", "3.55"]],
		"leverage_hist_last_diff": "0",
		"price_to_sales_hist": [["2017-12-30", "1.50"], ["2018-02-01", "1.44"]],
		"price_to_sales_hist_last_diff": "-4",
		"operating_margin": "16.14",
		"employees": "256.8",
		"operating_margin_hist": [["2017-12-29", "16.14"], ["2018-01-31", "16.14"]],
		"operating_margin_hist_last_diff": "0",
		"employees_hist": [["2017-12-29", "256.8"], ["2018-01-31", "256.8"]],
		"employees_hist_last_diff": "0",
		"avgyield_per_ratio_original": "0.29",
		"operating_margin_prev": "14.87",
		"key_period": "2017-09-30",
		"key_period_prev": "2016-12-31a",
		"leverage_industry_ratio": "0.94",
		"operating_margin_avg": "15.51",
		"operating_margin_prev_hist": [["2017-12-29", "14.87"], ["2018-01-31", "14.87"]],
		"operating_margin_prev_hist_last_diff": "0",
		"avg_revenue_growth_5y": "5.27",
		"revenue_growth_qq_last_year": "-3.00",
		"avg_revenue_growth_5y_hist": [["2017-12-30", "5.27"], ["2018-02-01", "5.27"]],
		"avg_revenue_growth_5y_hist_last_diff": "0",
		"inst_own": 58,
		"inst_own_hist": [["2017-12-29", 58], ["2018-01-31", 58]],
		"inst_own_hist_last_diff": "0",
		"avgvalue": "38.17",
		"yield_hist_trend": "\/",
		"per_hist_trend": "\\",
		"avgoperating_margin": "16.14",
		"avgoperating_margin_prev": "14.87",
		"avgshares": "6.14",
		"avgemployees": "256.80",
		"avginst_own": "58.00",
		"avgrevenue": "163.79",
		"avgleverage": "3.55",
		"avgprice_to_sales": "1.47",
		"avgavg_revenue_growth_5y": "5.27",
		"heat_opportunity": "0.04",
		"eps_opportunity": "0.00",
		"high_yld_low_volatility_bonus": "0.05",
		"revenue_growth_bonus": "0.00",
		"eps_trend": "0.00",
		"revenue_growth_qq_last_year_hist": [["2018-02-01", "-3.00"]],
		"revenue_growth_qq_last_year_hist_last_diff": 0
	},
	"VOD:NASDAQ": {
		"name": "VOD",
		"market": "NASDAQ",
		"value": "32.22",
		"session_change": "+0.16",
		"session_change_percentage": "0.50",
		"title": "Vodafone Group Plc (ADR)",
		"yield": "7.07",
		"dividend": "0.60",
		"range_52week": "24.31 - 32.75",
		"range_52week_high": "32.75",
		"range_52week_low": "24.31",
		"range_52week_heat": "0.94",
		"range_52week_volatility": "0.35",
		"divs_per_year": "4",
		"dividend_total_year": "2.40",
		"yield_per_ratio": "0.01",
		"beta": "0.94",
		"eps": "-0.39",
		"per": 999,
		"roe": "4.20",
		"eps_hist_last_diff": "-4",
		"eps_hist": [["2017-06-29", "-0.90"], ["2017-09-26", "-0.93"], ["2017-11-22", "-0.37"], ["2018-01-25", "-0.39"]],
		"yield_hist_last_diff": "30",
		"yield_hist": [["2017-05-05", "5.67"], ["2017-12-29", "5.44"], ["2018-01-31", "7.07"]],
		"per_hist": [["2017-12-29", 999], ["2018-01-31", 999]],
		"eps_hist_last_down": "-4",
		"avgyield_per_ratio": "0.23",
		"avgyield": "6.04",
		"date": "31 22:26",
		"h_souce": "0.26",
		"eps_hist_trend": "^",
		"per_hist_last_diff": "0",
		"value_hist": [["2017-12-29", "31.90"], ["2018-01-31", "32.22"]],
		"value_hist_last_diff": "1",
		"shares": "26.70",
		"mktcap": "860.27",
		"shares_hist": [["2017-12-29", "26.70"], ["2018-01-31", "26.70"]],
		"shares_hist_last_diff": "0",
		"revenue": "59.31",
		"price_to_book": "1.02",
		"leverage": "2.16",
		"leverage_industry": "3.78",
		"revenue_hist": [["2017-12-30", "57.13"], ["2018-02-01", "59.31"]],
		"revenue_hist_last_diff": "4",
		"leverage_hist": [["2017-12-30", "2.16"], ["2018-02-01", "2.16"]],
		"leverage_hist_last_diff": "0",
		"price_to_sales": "1.56",
		"price_to_sales_hist": [["2017-12-30", "1.61"], ["2018-02-01", "1.56"]],
		"price_to_sales_hist_last_diff": "-3",
		"operating_margin": "8.70",
		"employees": "14.2",
		"operating_margin_hist": [["2017-12-29", "8.70"], ["2018-01-31", "8.70"]],
		"operating_margin_hist_last_diff": "0",
		"employees_hist": [["2017-12-29", "14.2"], ["2018-01-31", "14.2"]],
		"employees_hist_last_diff": "0",
		"avgyield_per_ratio_original": "0.06",
		"operating_margin_prev": "7.82",
		"key_period": "2017-09-30",
		"key_period_prev": "2017-12-31a",
		"leverage_industry_ratio": "0.57",
		"operating_margin_avg": "8.26",
		"operating_margin_prev_hist": [["2017-12-29", "7.82"], ["2018-01-31", "7.82"]],
		"operating_margin_prev_hist_last_diff": "0",
		"avg_revenue_growth_5y": "-3.08",
		"revenue_growth_qq_last_year": "3.10",
		"avg_revenue_growth_5y_hist": [["2017-12-30", "-3.09"], ["2018-02-01", "-3.08"]],
		"avg_revenue_growth_5y_hist_last_diff": "0",
		"inst_own": 1,
		"inst_own_hist": [["2017-12-29", 1], ["2018-01-31", 1]],
		"inst_own_hist_last_diff": "0",
		"avgvalue": "32.06",
		"yield_hist_trend": "v",
		"avgper": "999.00",
		"avgoperating_margin": "8.70",
		"avgoperating_margin_prev": "7.82",
		"avgshares": "26.70",
		"avgemployees": "14.20",
		"avginst_own": "1.00",
		"avgrevenue": "58.22",
		"avgleverage": "2.16",
		"avgprice_to_sales": "1.59",
		"avgavg_revenue_growth_5y": "-3.09",
		"heat_opportunity": "0.00",
		"eps_opportunity": "-0.03",
		"high_yld_low_volatility_bonus": "0.05",
		"revenue_growth_bonus": "0.05",
		"eps_trend": "-0.05",
		"revenue_growth_qq_last_year_hist": [["2018-02-01", "3.10"]],
		"revenue_growth_qq_last_year_hist_last_diff": 0
	},
	"XOM:NYSE": {
		"name": "XOM",
		"market": "NYSE",
		"value": "87.30",
		"session_change": "+0.52",
		"session_change_percentage": "0.60",
		"title": "Exxon Mobil Corporation",
		"yield": "3.53",
		"dividend": "0.77",
		"range_52week": "76.05 - 89.30",
		"range_52week_high": "89.30",
		"range_52week_low": "76.05",
		"range_52week_heat": "0.85",
		"range_52week_volatility": "0.17",
		"divs_per_year": "4",
		"dividend_total_year": "3.08",
		"yield_per_ratio": "0.12",
		"beta": "0.82",
		"eps": "3.07",
		"per": "28.47",
		"roe": "8.81",
		"eps_hist_last_diff": "11",
		"eps_hist": [["2017-05-05", "2.39"], ["2017-07-31", "2.77"], ["2017-10-30", "3.07"]],
		"yield_hist_last_diff": "-4",
		"yield_hist": [["2017-05-05", "3.76"], ["2017-12-29", "3.68"], ["2018-01-31", "3.53"]],
		"per_hist": [["2017-05-05", "34.27"], ["2017-12-29", "27.28"], ["2018-01-31", "28.47"]],
		"avgyield_per_ratio": "0.17",
		"avgyield": "3.66",
		"date": "31 22:30",
		"h_souce": "0.36",
		"per_hist_last_diff": "4",
		"avgper": "30.01",
		"value_hist": [["2017-12-29", "83.64"], ["2018-01-31", "87.30"]],
		"value_hist_last_diff": "4",
		"eps_hist_trend": "\/",
		"shares": "4.24",
		"mktcap": "370.15",
		"shares_hist": [["2017-12-29", "4.24"], ["2018-01-31", "4.24"]],
		"shares_hist_last_diff": "0",
		"revenue": "226.09",
		"price_to_book": "2.03",
		"leverage": "1.92",
		"leverage_industry": "2.07",
		"price_to_sales": "1.46",
		"revenue_hist": [["2017-12-30", "226.09"], ["2018-02-01", "226.09"]],
		"revenue_hist_last_diff": "0",
		"leverage_hist": [["2017-12-30", "1.92"], ["2018-02-01", "1.92"]],
		"leverage_hist_last_diff": "0",
		"price_to_sales_hist": [["2017-12-30", "1.40"], ["2018-02-01", "1.46"]],
		"price_to_sales_hist_last_diff": "4",
		"operating_margin": "6.12",
		"employees": "71.1",
		"operating_margin_hist": [["2017-12-29", "6.12"], ["2018-01-31", "6.12"]],
		"operating_margin_hist_last_diff": "0",
		"employees_hist": [["2017-12-29", "71.1"], ["2018-01-31", "71.1"]],
		"employees_hist_last_diff": "0",
		"avgyield_per_ratio_original": "0.12",
		"operating_margin_prev": "0.43",
		"key_period": "2017-09-30",
		"key_period_prev": "2016-12-31a",
		"leverage_industry_ratio": "0.77",
		"operating_margin_avg": "3.28",
		"operating_margin_prev_hist": [["2017-12-29", "0.43"], ["2018-01-31", "0.43"]],
		"operating_margin_prev_hist_last_diff": "0",
		"avg_revenue_growth_5y": "-14.21",
		"revenue_growth_qq_last_year": "12.40",
		"avg_revenue_growth_5y_hist": [["2017-12-30", "-14.21"], ["2018-02-01", "-14.21"]],
		"avg_revenue_growth_5y_hist_last_diff": "0",
		"inst_own": 54,
		"inst_own_hist": [["2017-12-29", 53], ["2018-01-31", 54]],
		"inst_own_hist_last_diff": "2",
		"avgvalue": "85.47",
		"yield_hist_trend": "\\",
		"per_hist_trend": "v",
		"avgoperating_margin": "6.12",
		"avgoperating_margin_prev": "0.43",
		"avgshares": "4.24",
		"avgemployees": "71.10",
		"avginst_own": "53.50",
		"avgrevenue": "226.09",
		"avgleverage": "1.92",
		"avgprice_to_sales": "1.43",
		"avgavg_revenue_growth_5y": "-14.21",
		"heat_opportunity": "0.01",
		"eps_opportunity": "0.03",
		"high_yld_low_volatility_bonus": "0.05",
		"revenue_growth_bonus": "0.05",
		"eps_trend": "0.05",
		"revenue_growth_qq_last_year_hist": [["2018-02-01", "12.40"]],
		"revenue_growth_qq_last_year_hist_last_diff": 0
	},
	"DIS:NYSE": {
		"name": "DIS",
		"market": "NYSE",
		"value": "108.67",
		"session_change": "-1.44",
		"session_change_percentage": "-1.31",
		"title": "Walt Disney Co",
		"yield": "1.55",
		"dividend": "0.84",
		"range_52week": "96.20 - 116.10",
		"range_52week_high": "116.10",
		"range_52week_low": "96.20",
		"range_52week_heat": "0.63",
		"range_52week_volatility": "0.21",
		"divs_per_year": "2",
		"dividend_total_year": "1.68",
		"yield_per_ratio": "0.08",
		"beta": "1.38",
		"eps": "5.68",
		"per": "19.13",
		"roe": "16.71",
		"eps_hist_last_diff": 0,
		"eps_hist": [["2017-05-10", "5.74"], ["2017-08-09", "5.65"], ["2017-11-10", "5.68"]],
		"yield_hist_last_diff": "-1",
		"yield_hist": [["2017-05-05", "1.39"], ["2017-12-29", "1.56"], ["2018-01-31", "1.55"]],
		"per_hist": [["2017-05-05", "20.22"], ["2017-12-29", "18.92"], ["2018-01-31", "19.13"]],
		"avgyield_per_ratio": "0.34",
		"avgyield": "1.50",
		"date": "31 22:30",
		"h_souce": "0.36",
		"per_hist_last_diff": "1",
		"avgper": "19.42",
		"value_hist": [["2017-12-29", "107.51"], ["2018-01-31", "108.67"]],
		"value_hist_last_diff": "1",
		"shares": "1.51",
		"mktcap": "164.09",
		"shares_hist": [["2017-12-29", "1.51"], ["2018-01-31", "1.51"]],
		"shares_hist_last_diff": "0",
		"revenue": "55.14",
		"price_to_book": "3.96",
		"leverage": "2.32",
		"leverage_industry": "2.58",
		"eps_hist_trend": "v",
		"price_to_sales": "3.11",
		"revenue_hist": [["2017-12-30", "55.14"], ["2018-02-01", "55.14"]],
		"revenue_hist_last_diff": "0",
		"leverage_hist": [["2017-12-30", "2.32"], ["2018-02-01", "2.32"]],
		"leverage_hist_last_diff": "0",
		"price_to_sales_hist": [["2017-12-30", "3.08"], ["2018-02-01", "3.11"]],
		"price_to_sales_hist_last_diff": "1",
		"operating_margin": "21.80",
		"employees": "199.0",
		"operating_margin_hist": [["2017-12-29", "21.80"], ["2018-01-31", "21.80"]],
		"operating_margin_hist_last_diff": "0",
		"employees_hist": [["2017-12-29", "199.0"], ["2018-01-31", "199.0"]],
		"employees_hist_last_diff": "0",
		"avgyield_per_ratio_original": "0.08",
		"operating_margin_prev": "25.12",
		"key_period": "2017-09-30",
		"key_period_prev": "2017-12-31a",
		"leverage_industry_ratio": "0.90",
		"operating_margin_avg": "23.46",
		"operating_margin_prev_hist": [["2017-12-29", "25.12"], ["2018-01-31", "25.12"]],
		"operating_margin_prev_hist_last_diff": "0",
		"avg_revenue_growth_5y": "5.45",
		"revenue_growth_qq_last_year": "-2.80",
		"avg_revenue_growth_5y_hist": [["2017-12-30", "5.45"], ["2018-02-01", "5.45"]],
		"avg_revenue_growth_5y_hist_last_diff": "0",
		"inst_own": 63,
		"inst_own_hist": [["2017-12-29", 64], ["2018-01-31", 63]],
		"inst_own_hist_last_diff": "-2",
		"avgvalue": "108.09",
		"yield_hist_trend": "^",
		"per_hist_trend": "v",
		"avgoperating_margin": "21.80",
		"avgoperating_margin_prev": "25.12",
		"avgshares": "1.51",
		"avgemployees": "199.00",
		"avginst_own": "63.50",
		"avgrevenue": "55.14",
		"avgleverage": "2.32",
		"avgprice_to_sales": "3.10",
		"avgavg_revenue_growth_5y": "5.45",
		"revenue_growth_qq_last_year_hist": [["2018-02-01", "-2.80"]],
		"revenue_growth_qq_last_year_hist_last_diff": 0,
		"heat_opportunity": "0.02",
		"eps_opportunity": "0.00",
		"eps_trend": "0.00",
		"high_yld_low_volatility_bonus": "0.00",
		"revenue_growth_bonus": "0.00"
	},
	"SNE:NYSE": {
		"name": "SNE",
		"market": "NYSE",
		"value": "47.94",
		"session_change": "+0.59",
		"session_change_percentage": "1.25",
		"title": "Sony Corp (ADR)",
		"yield": "0.42",
		"dividend": "0.11",
		"range_52week": "30.07 - 51.94",
		"range_52week_high": "51.94",
		"range_52week_low": "30.07",
		"range_52week_heat": "0.82",
		"range_52week_volatility": "0.73",
		"divs_per_year": "2",
		"dividend_total_year": "0.22",
		"yield_per_ratio": "0.02",
		"beta": "1.80",
		"eps": "1.85",
		"per": "25.97",
		"roe": "19.74",
		"eps_hist_last_diff": 0,
		"eps_hist": [["2017-09-29", "0.92"], ["2017-12-29", "1.78"], ["2018-01-31", "1.85"]],
		"yield_hist_last_diff": "-7",
		"yield_hist": [["2017-12-29", "0.45"], ["2018-01-31", "0.42"]],
		"per_hist": [["2017-12-29", "25.27"], ["2018-01-31", "25.97"]],
		"avgyield_per_ratio": "0.23",
		"avgyield": "0.44",
		"date": "31 22:37",
		"h_souce": "0.30",
		"per_hist_last_diff": "3",
		"value_hist": [["2017-12-29", "44.95"], ["2018-01-31", "47.94"]],
		"value_hist_last_diff": "7",
		"shares": "1.26",
		"mktcap": "60.40",
		"shares_hist": [["2017-12-29", "1.26"], ["2018-01-31", "1.26"]],
		"shares_hist_last_diff": "0",
		"revenue": "69.62",
		"price_to_book": "2.39",
		"leverage": "6.90",
		"leverage_industry": "2.84",
		"revenue_hist": [["2017-12-30", "67.50"], ["2018-02-01", "69.62"]],
		"revenue_hist_last_diff": "3",
		"leverage_hist": [["2017-12-30", "6.90"], ["2018-02-01", "6.90"]],
		"leverage_hist_last_diff": "0",
		"price_to_sales": "0.81",
		"price_to_sales_hist": [["2017-12-30", "0.80"], ["2018-02-01", "0.81"]],
		"price_to_sales_hist_last_diff": "1",
		"operating_margin": "9.90",
		"employees": "128.4",
		"operating_margin_hist": [["2017-12-29", "9.90"], ["2018-01-31", "9.90"]],
		"operating_margin_hist_last_diff": "0",
		"employees_hist": [["2017-12-29", "128.4"], ["2018-01-31", "128.4"]],
		"employees_hist_last_diff": "0",
		"avgyield_per_ratio_original": "0.06",
		"operating_margin_prev": "3.80",
		"key_period": "2017-09-30",
		"key_period_prev": "2017-12-31a",
		"leverage_industry_ratio": "2.43",
		"operating_margin_avg": "6.85",
		"operating_margin_prev_hist": [["2017-12-29", "3.80"], ["2018-01-31", "3.80"]],
		"operating_margin_prev_hist_last_diff": "0",
		"avg_revenue_growth_5y": "3.21",
		"revenue_growth_qq_last_year": "22.10",
		"avg_revenue_growth_5y_hist": [["2017-12-30", "3.21"], ["2018-02-01", "3.21"]],
		"avg_revenue_growth_5y_hist_last_diff": "0",
		"inst_own": 7,
		"inst_own_hist": [["2017-12-29", 7], ["2018-01-31", 7]],
		"inst_own_hist_last_diff": "0",
		"avgvalue": "46.45",
		"avgper": "25.62",
		"avgoperating_margin": "9.90",
		"avgoperating_margin_prev": "3.80",
		"avgshares": "1.26",
		"avgemployees": "128.40",
		"avginst_own": "7.00",
		"avgrevenue": "68.56",
		"avgleverage": "6.90",
		"avgprice_to_sales": "0.81",
		"avgavg_revenue_growth_5y": "3.21",
		"eps_hist_trend": "\/",
		"heat_opportunity": "0.02",
		"eps_opportunity": "0.00",
		"eps_trend": "0.00",
		"high_yld_low_volatility_bonus": "0.00",
		"revenue_growth_bonus": "0.05",
		"revenue_growth_qq_last_year_hist": [["2018-02-01", "22.10"]],
		"revenue_growth_qq_last_year_hist_last_diff": 0
	},
	"NTDOY:OTCMKTS": {
		"name": "NTDOY",
		"market": "OTCMKTS",
		"value": "57.08",
		"session_change": "+3.70",
		"session_change_percentage": "6.93",
		"title": "Nintendo Co., Ltd (ADR)",
		"yield": 0,
		"dividend": "",
		"range_52week": "24.12 - 58.45",
		"range_52week_high": "58.45",
		"range_52week_low": "24.12",
		"range_52week_heat": "0.96",
		"range_52week_volatility": "1.42",
		"divs_per_year": "0",
		"dividend_total_year": "0",
		"yield_per_ratio": "0",
		"beta": "0.50",
		"eps": "-",
		"per": 999,
		"roe": "",
		"eps_hist_last_diff": 0,
		"eps_hist": [],
		"yield_hist_last_diff": "0",
		"yield_hist": [["2017-12-29", 0], ["2018-01-31", 0]],
		"per_hist": [["2017-12-29", 999], ["2018-01-31", 999]],
		"avgyield_per_ratio": "0.21",
		"avgyield": "0.00",
		"date": "31 22:37",
		"h_souce": "0.27",
		"per_hist_last_diff": "0",
		"value_hist": [["2017-12-29", "45.07"], ["2018-01-31", "57.08"]],
		"value_hist_last_diff": "27",
		"shares": "0.13",
		"mktcap": "7.42",
		"shares_hist": [["2017-12-29", "0.13"], ["2018-01-31", "0.13"]],
		"shares_hist_last_diff": "0",
		"revenue": "4.49",
		"price_to_book": "-",
		"leverage": "1.28",
		"leverage_industry": 0,
		"price_to_sales": 99,
		"revenue_hist": [["2017-12-30", "4.35"], ["2018-02-01", "4.49"]],
		"revenue_hist_last_diff": "3",
		"leverage_hist": [["2017-12-30", "1.28"], ["2018-02-01", "1.28"]],
		"leverage_hist_last_diff": "0",
		"price_to_sales_hist": [["2017-12-30", 99], ["2018-02-01", 99]],
		"price_to_sales_hist_last_diff": "0",
		"operating_margin": "0",
		"employees": "",
		"operating_margin_hist": [["2017-12-29", "0"], ["2018-01-31", "0"]],
		"operating_margin_hist_last_diff": "0",
		"employees_hist": [["2017-12-29", ""], ["2018-01-31", ""]],
		"employees_hist_last_diff": "0",
		"avgyield_per_ratio_original": "0.02",
		"operating_margin_prev": 0,
		"key_period": "-",
		"key_period_prev": "-",
		"leverage_industry_ratio": "0.51",
		"operating_margin_avg": 0,
		"operating_margin_prev_hist": [["2017-12-29", 0], ["2018-01-31", 0]],
		"operating_margin_prev_hist_last_diff": "0",
		"avg_revenue_growth_5y": "-5.46",
		"revenue_growth_qq_last_year": "193.90",
		"avg_revenue_growth_5y_hist": [["2017-12-30", "-5.46"], ["2018-02-01", "-5.46"]],
		"avg_revenue_growth_5y_hist_last_diff": "0",
		"inst_own": 0,
		"inst_own_hist": [["2017-12-29", 0], ["2018-01-31", 0]],
		"inst_own_hist_last_diff": "0",
		"avgvalue": "51.08",
		"avgper": "999.00",
		"avgoperating_margin": "0.00",
		"avgoperating_margin_prev": "0.00",
		"avgshares": "0.13",
		"avgemployees": "0.00",
		"avginst_own": "0.00",
		"avgrevenue": "4.42",
		"avgleverage": "1.28",
		"avgprice_to_sales": "99.00",
		"avgavg_revenue_growth_5y": "-5.46",
		"heat_opportunity": "0.01",
		"eps_opportunity": "0.00",
		"eps_trend": "0.00",
		"high_yld_low_volatility_bonus": "0.00",
		"revenue_growth_bonus": "0.05",
		"revenue_growth_qq_last_year_hist": [["2018-02-01", "193.90"]],
		"revenue_growth_qq_last_year_hist_last_diff": 0
	},
	"NFLX:NASDAQ": {
		"name": "NFLX",
		"market": "NASDAQ",
		"value": "270.30",
		"session_change": "-8.50",
		"session_change_percentage": "-3.05",
		"title": "Netflix,",
		"yield": 0,
		"dividend": "",
		"range_52week": "138.26 - 286.81",
		"range_52week_high": "286.81",
		"range_52week_low": "138.26",
		"range_52week_heat": "0.89",
		"range_52week_volatility": "1.07",
		"divs_per_year": "0",
		"dividend_total_year": "0",
		"yield_per_ratio": "0",
		"beta": "1.34",
		"eps": "1.25",
		"per": "216.11",
		"roe": "21.54",
		"eps_hist_last_diff": "26",
		"eps_hist": [["2017-04-19", "0.76"], ["2017-07-19", "0.82"], ["2017-10-17", "0.99"], ["2018-01-23", "1.25"]],
		"yield_hist_last_diff": "0",
		"yield_hist": [["2017-12-29", 0], ["2018-01-31", 0]],
		"per_hist": [["2017-04-18", "337.03"], ["2017-12-29", "194.20"], ["2018-01-31", "216.11"]],
		"avgyield_per_ratio": "0.24",
		"avgyield": "0.00",
		"date": "31 22:37",
		"h_souce": "0.38",
		"per_hist_last_diff": "11",
		"avgper": "249.11",
		"value_hist": [["2017-12-29", "191.96"], ["2018-01-31", "270.30"]],
		"value_hist_last_diff": "41",
		"eps_hist_trend": "\/",
		"shares": "0.43",
		"mktcap": "116.23",
		"shares_hist": [["2017-12-29", "0.43"], ["2018-01-31", "0.43"]],
		"shares_hist_last_diff": "0",
		"revenue": "11.69",
		"price_to_book": "32.79",
		"leverage": "5.31",
		"leverage_industry": "2.58",
		"price_to_sales": "10.33",
		"revenue_hist": [["2017-12-30", "8.83"], ["2018-02-01", "11.69"]],
		"revenue_hist_last_diff": "32",
		"leverage_hist": [["2017-12-30", "5.09"], ["2018-02-01", "5.31"]],
		"leverage_hist_last_diff": "4",
		"price_to_sales_hist": [["2017-12-30", "7.84"], ["2018-02-01", "10.33"]],
		"price_to_sales_hist_last_diff": "32",
		"operating_margin": "7.47",
		"employees": "5.4",
		"operating_margin_hist": [["2017-12-29", "6.99"], ["2018-01-31", "7.47"]],
		"operating_margin_hist_last_diff": "7",
		"employees_hist": [["2017-12-29", "4.5"], ["2018-01-31", "5.4"]],
		"employees_hist_last_diff": "20",
		"avgyield_per_ratio_original": "0.02",
		"operating_margin_prev": "7.17",
		"key_period": "2017-12-31",
		"key_period_prev": "2017-12-31a",
		"leverage_industry_ratio": "2.06",
		"operating_margin_avg": "7.32",
		"operating_margin_prev_hist": [["2017-12-29", "4.30"], ["2018-01-31", "7.17"]],
		"operating_margin_prev_hist_last_diff": "67",
		"avg_revenue_growth_5y": "26.50",
		"revenue_growth_qq_last_year": "32.60",
		"avg_revenue_growth_5y_hist": [["2017-12-30", "22.47"], ["2018-02-01", "26.50"]],
		"avg_revenue_growth_5y_hist_last_diff": "18",
		"inst_own": 85,
		"inst_own_hist": [["2017-12-29", 85], ["2018-01-31", 85]],
		"inst_own_hist_last_diff": "0",
		"avgvalue": "231.13",
		"per_hist_trend": "v",
		"avgoperating_margin": "7.23",
		"avgoperating_margin_prev": "5.74",
		"avgshares": "0.43",
		"avgemployees": "4.95",
		"avginst_own": "85.00",
		"avgrevenue": "10.26",
		"avgleverage": "5.20",
		"avgprice_to_sales": "9.09",
		"avgavg_revenue_growth_5y": "24.49",
		"heat_opportunity": "0.01",
		"eps_opportunity": "0.03",
		"eps_trend": "0.05",
		"high_yld_low_volatility_bonus": "0.00",
		"revenue_growth_bonus": "0.05",
		"revenue_growth_qq_last_year_hist": [["2018-02-01", "32.60"]],
		"revenue_growth_qq_last_year_hist_last_diff": 0
	},
	"TWX:NYSE": {
		"name": "TWX",
		"market": "NYSE",
		"value": "95.35",
		"session_change": "+0.90",
		"session_change_percentage": "0.95",
		"title": "Time Warner",
		"yield": "1.69",
		"dividend": "0.40",
		"range_52week": "85.88 - 103.90",
		"range_52week_high": "103.90",
		"range_52week_low": "85.88",
		"range_52week_heat": "0.53",
		"range_52week_volatility": "0.21",
		"divs_per_year": "4",
		"dividend_total_year": "1.60",
		"yield_per_ratio": "0.09",
		"beta": "0.95",
		"eps": "5.26",
		"per": "18.13",
		"roe": "20.62",
		"eps_hist_last_diff": 0,
		"eps_hist": [["2017-05-04", "5.29"], ["2017-08-03", "5.41"], ["2017-10-27", "5.26"]],
		"yield_hist_last_diff": "-4",
		"yield_hist": [["2017-04-18", "1.62"], ["2017-12-29", "1.76"], ["2018-01-31", "1.69"]],
		"per_hist": [["2017-04-18", "20.12"], ["2017-12-29", "17.39"], ["2018-01-31", "18.13"]],
		"avgyield_per_ratio": "0.51",
		"avgyield": "1.69",
		"date": "31 22:37",
		"h_souce": "0.59",
		"per_hist_last_diff": "4",
		"avgper": "18.55",
		"value_hist": [["2017-12-29", "91.47"], ["2018-01-31", "95.35"]],
		"value_hist_last_diff": "4",
		"eps_hist_trend": "^",
		"shares": "0.78",
		"mktcap": "74.37",
		"shares_hist": [["2017-12-29", "0.78"], ["2018-01-31", "0.78"]],
		"shares_hist_last_diff": "0",
		"revenue": "29.32",
		"price_to_book": "2.70",
		"leverage": "2.51",
		"leverage_industry": "2.58",
		"revenue_hist": [["2017-12-30", "29.32"], ["2018-02-01", "29.32"]],
		"revenue_hist_last_diff": "0",
		"leverage_hist": [["2017-12-30", "2.51"], ["2018-02-01", "2.51"]],
		"leverage_hist_last_diff": "0",
		"price_to_sales": "2.44",
		"price_to_sales_hist": [["2017-12-30", "2.36"], ["2018-02-01", "2.44"]],
		"price_to_sales_hist_last_diff": "3",
		"operating_margin": "29.56",
		"employees": "25.0",
		"operating_margin_hist": [["2017-12-29", "29.56"], ["2018-01-31", "29.56"]],
		"operating_margin_hist_last_diff": "0",
		"employees_hist": [["2017-12-29", "25.0"], ["2018-01-31", "25.0"]],
		"employees_hist_last_diff": "0",
		"avgyield_per_ratio_original": "0.09",
		"operating_margin_prev": "25.74",
		"key_period": "2017-09-30",
		"key_period_prev": "2016-12-31a",
		"leverage_industry_ratio": "0.97",
		"operating_margin_avg": "27.65",
		"operating_margin_prev_hist": [["2017-12-29", "25.74"], ["2018-01-31", "25.74"]],
		"operating_margin_prev_hist_last_diff": "0",
		"avg_revenue_growth_5y": "0.24",
		"revenue_growth_qq_last_year": "6.00",
		"avg_revenue_growth_5y_hist": [["2017-12-30", "0.24"], ["2018-02-01", "0.24"]],
		"avg_revenue_growth_5y_hist_last_diff": "0",
		"inst_own": 80,
		"inst_own_hist": [["2017-12-29", 80], ["2018-01-31", 80]],
		"inst_own_hist_last_diff": "0",
		"avgvalue": "93.41",
		"yield_hist_trend": "^",
		"per_hist_trend": "v",
		"avgoperating_margin": "29.56",
		"avgoperating_margin_prev": "25.74",
		"avgshares": "0.78",
		"avgemployees": "25.00",
		"avginst_own": "80.00",
		"avgrevenue": "29.32",
		"avgleverage": "2.51",
		"avgprice_to_sales": "2.40",
		"avgavg_revenue_growth_5y": "0.24",
		"heat_opportunity": "0.03",
		"eps_opportunity": "0.00",
		"eps_trend": "0.00",
		"high_yld_low_volatility_bonus": "0.00",
		"revenue_growth_bonus": "0.05",
		"revenue_growth_qq_last_year_hist": [["2018-02-01", "6.00"]],
		"revenue_growth_qq_last_year_hist_last_diff": 0
	},
	"CMCSA:NASDAQ": {
		"name": "CMCSA",
		"market": "NASDAQ",
		"value": "42.53",
		"session_change": "+0.19",
		"session_change_percentage": "0.45",
		"title": "Comcast Corporation",
		"yield": "1.79",
		"dividend": "0.19",
		"range_52week": "34.78 - 44.00",
		"range_52week_high": "44.00",
		"range_52week_low": "34.78",
		"range_52week_heat": "0.84",
		"range_52week_volatility": "0.27",
		"divs_per_year": "4",
		"dividend_total_year": "0.76",
		"yield_per_ratio": "0.20",
		"beta": "1.00",
		"eps": "4.78",
		"per": "8.90",
		"roe": "96.92",
		"eps_hist_last_diff": "125",
		"eps_hist": [["2017-04-28", "1.92"], ["2017-07-31", "2.02"], ["2017-10-27", "2.12"], ["2018-01-25", "4.78"]],
		"yield_hist_last_diff": "14",
		"yield_hist": [["2017-04-18", "1.68"], ["2017-12-29", "1.57"], ["2018-01-31", "1.79"]],
		"per_hist": [["2017-04-18", "20.66"], ["2017-12-29", "18.90"], ["2018-01-31", "8.90"]],
		"avgyield_per_ratio": "0.50",
		"avgyield": "1.68",
		"date": "31 22:41",
		"h_souce": "0.59",
		"per_hist_last_diff": "-53",
		"avgper": "16.15",
		"value_hist": [["2017-12-29", "40.05"], ["2018-01-31", "42.53"]],
		"value_hist_last_diff": "6",
		"eps_hist_trend": "\/",
		"shares": "4.70",
		"mktcap": "199.89",
		"shares_hist": [["2017-12-29", "4.66"], ["2018-01-31", "4.70"]],
		"shares_hist_last_diff": "1",
		"revenue": "80.40",
		"price_to_book": "3.59",
		"leverage": "3.34",
		"leverage_industry": "3.64",
		"price_to_sales": "2.45",
		"revenue_hist": [["2017-12-30", "80.40"], ["2018-02-01", "80.40"]],
		"revenue_hist_last_diff": "0",
		"leverage_hist": [["2017-12-30", "3.34"], ["2018-02-01", "3.34"]],
		"leverage_hist_last_diff": "0",
		"price_to_sales_hist": [["2017-12-30", "2.32"], ["2018-02-01", "2.45"]],
		"price_to_sales_hist_last_diff": "6",
		"operating_margin": "18.74",
		"employees": "159.0",
		"operating_margin_hist": [["2017-12-29", "22.82"], ["2018-01-31", "18.74"]],
		"operating_margin_hist_last_diff": "-18",
		"employees_hist": [["2017-12-29", "159.0"], ["2018-01-31", "159.0"]],
		"employees_hist_last_diff": "0",
		"avgyield_per_ratio_original": "0.19",
		"operating_margin_prev": "21.28",
		"key_period": "2017-12-31",
		"key_period_prev": "2017-12-31a",
		"leverage_industry_ratio": "0.92",
		"operating_margin_avg": "20.01",
		"operating_margin_prev_hist": [["2017-12-29", "20.93"], ["2018-01-31", "21.28"]],
		"operating_margin_prev_hist_last_diff": "2",
		"avg_revenue_growth_5y": "7.56",
		"revenue_growth_qq_last_year": "-1.60",
		"avg_revenue_growth_5y_hist": [["2017-12-30", "7.56"], ["2018-02-01", "7.56"]],
		"avg_revenue_growth_5y_hist_last_diff": "0",
		"inst_own": 84,
		"inst_own_hist": [["2017-12-29", 85], ["2018-01-31", 84]],
		"inst_own_hist_last_diff": "-1",
		"avgvalue": "41.29",
		"yield_hist_trend": "v",
		"per_hist_trend": "\\",
		"avgoperating_margin": "20.78",
		"avgoperating_margin_prev": "21.11",
		"avgshares": "4.68",
		"avgemployees": "159.00",
		"avginst_own": "84.50",
		"avgrevenue": "80.40",
		"avgleverage": "3.34",
		"avgprice_to_sales": "2.39",
		"avgavg_revenue_growth_5y": "7.56",
		"heat_opportunity": "0.01",
		"eps_opportunity": "0.03",
		"eps_trend": "0.05",
		"high_yld_low_volatility_bonus": "0.00",
		"revenue_growth_bonus": "0.00",
		"revenue_growth_qq_last_year_hist": [["2018-02-01", "-1.60"]],
		"revenue_growth_qq_last_year_hist_last_diff": 0
	},
	"FOXA:NASDAQ": {
		"name": "FOXA",
		"market": "NASDAQ",
		"value": "36.90",
		"session_change": "-1.56",
		"session_change_percentage": "-4.06",
		"title": "Twenty-First Century Fox",
		"yield": "0.98",
		"dividend": "0.18",
		"range_52week": "24.81 - 39.13",
		"range_52week_high": "39.13",
		"range_52week_low": "24.81",
		"range_52week_heat": "0.84",
		"range_52week_volatility": "0.58",
		"divs_per_year": "2",
		"dividend_total_year": "0.36",
		"yield_per_ratio": "0.04",
		"beta": "1.44",
		"eps": "1.62",
		"per": "22.73",
		"roe": "21.02",
		"eps_hist_last_diff": 0,
		"eps_hist": [["2017-02-07", "1.65"], ["2017-05-12", "1.64"], ["2017-08-11", "1.61"], ["2017-11-10", "1.62"]],
		"yield_hist_last_diff": "-6",
		"yield_hist": [["2017-02-02", "1.14"], ["2017-12-29", "1.04"], ["2018-01-31", "0.98"]],
		"per_hist": [["2017-02-02", "20.59"], ["2017-12-29", "21.27"], ["2018-01-31", "22.73"]],
		"eps_hist_trend": "v",
		"avgyield_per_ratio": "0.27",
		"avgyield": "1.05",
		"date": "31 22:41",
		"h_souce": "0.33",
		"per_hist_last_diff": "7",
		"avgper": "21.53",
		"value_hist": [["2017-12-29", "34.53"], ["2018-01-31", "36.90"]],
		"value_hist_last_diff": "7",
		"shares": "1.05",
		"mktcap": "38.75",
		"shares_hist": [["2017-12-29", "1.05"], ["2018-01-31", "1.05"]],
		"shares_hist_last_diff": "0",
		"revenue": "28.50",
		"price_to_book": "4.19",
		"leverage": "3.19",
		"leverage_industry": "2.58",
		"price_to_sales": "2.36",
		"revenue_hist": [["2017-12-30", "28.50"], ["2018-02-01", "28.50"]],
		"revenue_hist_last_diff": "0",
		"leverage_hist": [["2017-12-30", "3.19"], ["2018-02-01", "3.19"]],
		"leverage_hist_last_diff": "0",
		"price_to_sales_hist": [["2017-12-30", "2.20"], ["2018-02-01", "2.36"]],
		"price_to_sales_hist_last_diff": "7",
		"operating_margin": "18.49",
		"employees": "21.7",
		"operating_margin_hist": [["2017-12-29", "18.49"], ["2018-01-31", "18.49"]],
		"operating_margin_hist_last_diff": "0",
		"employees_hist": [["2017-12-29", "21.7"], ["2018-01-31", "21.7"]],
		"employees_hist_last_diff": "0",
		"avgyield_per_ratio_original": "0.07",
		"operating_margin_prev": "16.45",
		"key_period": "2017-09-30",
		"key_period_prev": "2017-12-31a",
		"leverage_industry_ratio": "1.24",
		"operating_margin_avg": "17.47",
		"operating_margin_prev_hist": [["2017-12-29", "16.45"], ["2018-01-31", "16.45"]],
		"operating_margin_prev_hist_last_diff": "0",
		"avg_revenue_growth_5y": "-3.30",
		"revenue_growth_qq_last_year": "7.60",
		"avg_revenue_growth_5y_hist": [["2017-12-30", "-3.30"], ["2018-02-01", "-3.30"]],
		"avg_revenue_growth_5y_hist_last_diff": "0",
		"inst_own": 99,
		"inst_own_hist": [["2017-12-29", 100], ["2018-01-31", 99]],
		"inst_own_hist_last_diff": "-1",
		"avgvalue": "35.72",
		"yield_hist_trend": "\\",
		"per_hist_trend": "\/",
		"avgoperating_margin": "18.49",
		"avgoperating_margin_prev": "16.45",
		"avgshares": "1.05",
		"avgemployees": "21.70",
		"avginst_own": "99.50",
		"avgrevenue": "28.50",
		"avgleverage": "3.19",
		"avgprice_to_sales": "2.28",
		"avgavg_revenue_growth_5y": "-3.30",
		"heat_opportunity": "0.01",
		"eps_opportunity": "0.00",
		"eps_trend": "0.00",
		"high_yld_low_volatility_bonus": "0.00",
		"revenue_growth_bonus": "0.05",
		"revenue_growth_qq_last_year_hist": [["2018-02-01", "7.60"]],
		"revenue_growth_qq_last_year_hist_last_diff": 0
	},
	"TM:NYSE": {
		"name": "TM",
		"market": "NYSE",
		"value": "137.92",
		"session_change": "-1.70",
		"session_change_percentage": "-1.22",
		"title": "Toyota Motor Corp (ADR)",
		"yield": "2.73",
		"dividend": "1.80",
		"range_52week": "103.62 - 140.99",
		"range_52week_high": "140.99",
		"range_52week_low": "103.62",
		"range_52week_heat": "0.92",
		"range_52week_volatility": "0.36",
		"divs_per_year": "2",
		"dividend_total_year": "3.60",
		"yield_per_ratio": "0.24",
		"beta": "0.68",
		"eps": "11.90",
		"per": "11.59",
		"roe": "10.11",
		"eps_hist_last_diff": 0,
		"eps_hist": [["2017-03-31", "10.82"], ["2017-06-28", "10.66"], ["2017-09-29", "11.09"], ["2017-12-29", "11.46"], ["2018-01-31", "11.90"]],
		"yield_hist_last_diff": "-8",
		"yield_hist": [["2017-02-07", "3.35"], ["2017-12-29", "2.96"], ["2018-01-31", "2.73"]],
		"per_hist": [["2017-02-07", "9.79"], ["2017-12-29", "11.09"], ["2018-01-31", "11.59"]],
		"eps_hist_trend": "\/",
		"avgyield_per_ratio": "0.57",
		"avgyield": "3.01",
		"date": "31 22:41",
		"h_souce": "0.68",
		"per_hist_last_diff": "5",
		"avgper": "10.82",
		"value_hist": [["2017-12-29", "127.17"], ["2018-01-31", "137.92"]],
		"value_hist_last_diff": "8",
		"shares": "2.93",
		"mktcap": "404.11",
		"shares_hist": [["2017-12-29", "2.93"], ["2018-01-31", "2.93"]],
		"shares_hist_last_diff": "0",
		"revenue": "252.65",
		"price_to_book": "1.24",
		"leverage": "2.75",
		"leverage_industry": "3.16",
		"revenue_hist": [["2017-12-30", "244.98"], ["2018-02-01", "252.65"]],
		"revenue_hist_last_diff": "3",
		"leverage_hist": [["2017-12-30", "2.75"], ["2018-02-01", "2.75"]],
		"leverage_hist_last_diff": "0",
		"price_to_sales": "0.80",
		"price_to_sales_hist": [["2017-12-30", "0.76"], ["2018-02-01", "0.80"]],
		"price_to_sales_hist_last_diff": "5",
		"operating_margin": "7.31",
		"employees": "364.4",
		"operating_margin_hist": [["2017-12-29", "7.31"], ["2018-01-31", "7.31"]],
		"operating_margin_hist_last_diff": "0",
		"employees_hist": [["2017-12-29", "364.4"], ["2018-01-31", "364.4"]],
		"employees_hist_last_diff": "0",
		"avgyield_per_ratio_original": "0.24",
		"operating_margin_prev": "7.23",
		"key_period": "2017-09-30",
		"key_period_prev": "2017-12-31a",
		"leverage_industry_ratio": "0.87",
		"operating_margin_avg": "7.27",
		"operating_margin_prev_hist": [["2017-12-29", "7.23"], ["2018-01-31", "7.23"]],
		"operating_margin_prev_hist_last_diff": "0",
		"avg_revenue_growth_5y": "8.23",
		"revenue_growth_qq_last_year": "10.20",
		"avg_revenue_growth_5y_hist": [["2017-12-30", "8.23"], ["2018-02-01", "8.23"]],
		"avg_revenue_growth_5y_hist_last_diff": "0",
		"inst_own": 0,
		"inst_own_hist": [["2017-12-29", 0], ["2018-01-31", 0]],
		"inst_own_hist_last_diff": "0",
		"avgvalue": "132.55",
		"yield_hist_trend": "\\",
		"per_hist_trend": "\/",
		"avgoperating_margin": "7.31",
		"avgoperating_margin_prev": "7.23",
		"avgshares": "2.93",
		"avgemployees": "364.40",
		"avginst_own": "0.00",
		"avgrevenue": "248.82",
		"avgleverage": "2.75",
		"avgprice_to_sales": "0.78",
		"avgavg_revenue_growth_5y": "8.23",
		"heat_opportunity": "0.01",
		"eps_opportunity": "0.00",
		"eps_trend": "0.00",
		"high_yld_low_volatility_bonus": "0.05",
		"revenue_growth_bonus": "0.05",
		"revenue_growth_qq_last_year_hist": [["2018-02-01", "10.20"]],
		"revenue_growth_qq_last_year_hist_last_diff": 0
	},
	"VOW:ETR": {
		"name": "VOW",
		"market": "ETR",
		"value": "178.50",
		"session_change": "-1.40",
		"session_change_percentage": "-0.78",
		"title": "Volkswagen AG",
		"yield": "1.15",
		"dividend": "2.06",
		"range_52week": "128.05 - 191.40",
		"range_52week_high": "191.40",
		"range_52week_low": "128.05",
		"range_52week_heat": "0.80",
		"range_52week_volatility": "0.49",
		"divs_per_year": "1",
		"dividend_total_year": "2.06",
		"yield_per_ratio": "0.09",
		"beta": "-",
		"eps": "13.85",
		"per": "12.89",
		"roe": "4.06",
		"eps_hist_last_diff": "-15",
		"eps_hist": [["2017-03-15", "10.26"], ["2017-05-08", "12.33"], ["2017-07-31", "16.27"], ["2017-11-01", "13.85"]],
		"yield_hist_last_diff": "-6",
		"yield_hist": [["2017-02-07", "0.12"], ["2017-12-29", "1.22"], ["2018-01-31", "1.15"]],
		"per_hist": [["2017-02-07", "222.60"], ["2017-12-29", "12.18"], ["2018-01-31", "12.89"]],
		"eps_hist_trend": "^",
		"avgyield_per_ratio": "0.19",
		"avgyield": "0.83",
		"date": "31 22:41",
		"h_souce": "0.14",
		"per_hist_last_diff": "6",
		"avgper": "82.56",
		"value_hist": [["2017-12-29", "168.70"], ["2018-01-31", "178.50"]],
		"value_hist_last_diff": "6",
		"shares": "0.30",
		"eps_hist_last_down": "-15",
		"mktcap": "53.55",
		"shares_hist": [["2017-12-29", "0.30"], ["2018-01-31", "0.30"]],
		"shares_hist_last_diff": "0",
		"revenue": "217.27",
		"price_to_book": "0.85",
		"leverage": "3.95",
		"leverage_industry": 0,
		"revenue_hist": [["2017-12-30", "217.27"], ["2018-02-01", "217.27"]],
		"revenue_hist_last_diff": "0",
		"leverage_hist": [["2017-12-30", "3.95"], ["2018-02-01", "3.95"]],
		"leverage_hist_last_diff": "0",
		"price_to_sales": "0.39",
		"price_to_sales_hist": [["2017-12-30", "0.37"], ["2018-02-01", "0.39"]],
		"price_to_sales_hist_last_diff": "5",
		"operating_margin": "3.13",
		"employees": "636.7",
		"operating_margin_hist": [["2017-12-29", "3.13"], ["2018-01-31", "3.13"]],
		"operating_margin_hist_last_diff": "0",
		"employees_hist": [["2017-12-29", "636.7"], ["2018-01-31", "636.7"]],
		"employees_hist_last_diff": "0",
		"avgyield_per_ratio_original": "0.12",
		"operating_margin_prev": "3.27",
		"key_period": "2017-09-30",
		"key_period_prev": "2016-12-31a",
		"leverage_industry_ratio": "1.58",
		"operating_margin_avg": "3.20",
		"operating_margin_prev_hist": [["2017-12-29", "3.27"], ["2018-01-31", "3.27"]],
		"operating_margin_prev_hist_last_diff": "0",
		"avg_revenue_growth_5y": "6.40",
		"revenue_growth_qq_last_year": "5.80",
		"avg_revenue_growth_5y_hist": [["2017-12-30", "6.40"], ["2018-02-01", "6.40"]],
		"avg_revenue_growth_5y_hist_last_diff": "0",
		"inst_own": 0,
		"inst_own_hist": [["2017-12-29", 0], ["2018-01-31", 0]],
		"inst_own_hist_last_diff": "0",
		"avgvalue": "173.60",
		"yield_hist_trend": "^",
		"per_hist_trend": "v",
		"avgoperating_margin": "3.13",
		"avgoperating_margin_prev": "3.27",
		"avgshares": "0.30",
		"avgemployees": "636.70",
		"avginst_own": "0.00",
		"avgrevenue": "217.27",
		"avgleverage": "3.95",
		"avgprice_to_sales": "0.38",
		"avgavg_revenue_growth_5y": "6.40",
		"heat_opportunity": "0.02",
		"eps_opportunity": "-0.03",
		"eps_trend": "-0.05",
		"high_yld_low_volatility_bonus": "0.00",
		"revenue_growth_bonus": "0.00",
		"revenue_growth_qq_last_year_hist": [["2018-02-01", "5.80"]],
		"revenue_growth_qq_last_year_hist_last_diff": 0
	},
	"GM:NYSE": {
		"name": "GM",
		"market": "NYSE",
		"value": "42.41",
		"session_change": "-0.29",
		"session_change_percentage": "-0.68",
		"title": "General Motors Company",
		"yield": "3.58",
		"dividend": "0.38",
		"range_52week": "31.92 - 46.76",
		"range_52week_high": "46.76",
		"range_52week_low": "31.92",
		"range_52week_heat": "0.71",
		"range_52week_volatility": "0.46",
		"divs_per_year": "4",
		"dividend_total_year": "1.52",
		"yield_per_ratio": "0.39",
		"beta": "1.55",
		"eps": "4.62",
		"per": "9.17",
		"roe": "1.03",
		"eps_hist_last_diff": "-27",
		"eps_hist": [["2017-02-08", "6.00"], ["2017-05-02", "6.46"], ["2017-07-27", "6.31"], ["2017-10-25", "4.62"]],
		"yield_hist_last_diff": "-4",
		"yield_hist": [["2017-02-02", "4.25"], ["2017-12-29", "3.71"], ["2018-01-31", "3.58"]],
		"per_hist": [["2017-02-02", "4.09"], ["2017-12-29", "8.87"], ["2018-01-31", "9.17"]],
		"eps_hist_trend": "\\",
		"avgyield_per_ratio": "0.23",
		"avgyield": "3.85",
		"date": "31 22:41",
		"h_souce": "0.18",
		"per_hist_last_diff": "3",
		"avgper": "7.38",
		"value_hist": [["2017-12-29", "40.99"], ["2018-01-31", "42.41"]],
		"value_hist_last_diff": "3",
		"eps_hist_last_down": "-27",
		"shares": "1.42",
		"mktcap": "60.22",
		"shares_hist": [["2017-12-29", "1.42"], ["2018-01-31", "1.42"]],
		"shares_hist_last_diff": "0",
		"revenue": "166.38",
		"price_to_book": "1.43",
		"leverage": "5.43",
		"leverage_industry": "3.16",
		"revenue_hist": [["2017-12-30", "166.38"], ["2018-02-01", "166.38"]],
		"revenue_hist_last_diff": "0",
		"leverage_hist": [["2017-12-30", "5.43"], ["2018-02-01", "5.43"]],
		"leverage_hist_last_diff": "0",
		"price_to_sales": "0.39",
		"price_to_sales_hist": [["2017-12-30", "0.38"], ["2018-02-01", "0.39"]],
		"price_to_sales_hist_last_diff": "3",
		"operating_margin": "5.70",
		"employees": "225.0",
		"operating_margin_hist": [["2017-12-29", "5.70"], ["2018-01-31", "5.70"]],
		"operating_margin_hist_last_diff": "0",
		"employees_hist": [["2017-12-29", "225.0"], ["2018-01-31", "225.0"]],
		"employees_hist_last_diff": "0",
		"avgyield_per_ratio_original": "0.39",
		"operating_margin_prev": "5.74",
		"key_period": "2017-09-30",
		"key_period_prev": "2016-12-31a",
		"leverage_industry_ratio": "1.72",
		"operating_margin_avg": "5.72",
		"operating_margin_prev_hist": [["2017-12-29", "5.74"], ["2018-01-31", "5.74"]],
		"operating_margin_prev_hist_last_diff": "0",
		"avg_revenue_growth_5y": "2.06",
		"revenue_growth_qq_last_year": "-13.50",
		"avg_revenue_growth_5y_hist": [["2017-12-30", "2.06"], ["2018-02-01", "2.06"]],
		"avg_revenue_growth_5y_hist_last_diff": "0",
		"inst_own": 74,
		"inst_own_hist": [["2017-12-29", 75], ["2018-01-31", 74]],
		"inst_own_hist_last_diff": "-1",
		"avgvalue": "41.70",
		"yield_hist_trend": "\\",
		"per_hist_trend": "\/",
		"avgoperating_margin": "5.70",
		"avgoperating_margin_prev": "5.74",
		"avgshares": "1.42",
		"avgemployees": "225.00",
		"avginst_own": "74.50",
		"avgrevenue": "166.38",
		"avgleverage": "5.43",
		"avgprice_to_sales": "0.39",
		"avgavg_revenue_growth_5y": "2.06",
		"heat_opportunity": "0.02",
		"eps_opportunity": "-0.03",
		"eps_trend": "-0.05",
		"high_yld_low_volatility_bonus": "0.00",
		"revenue_growth_bonus": "0.00",
		"revenue_growth_qq_last_year_hist": [["2018-02-01", "-13.50"]],
		"revenue_growth_qq_last_year_hist_last_diff": 0
	},
	"UG:EPA": {
		"name": "UG",
		"market": "EPA",
		"value": "18.09",
		"session_change": "-0.16",
		"session_change_percentage": "-0.85",
		"title": "Peugeot",
		"yield": "2.65",
		"dividend": "0.48",
		"range_52week": "16.45 - 21.01",
		"range_52week_high": "21.01",
		"range_52week_low": "16.45",
		"range_52week_heat": "0.36",
		"range_52week_volatility": "0.28",
		"divs_per_year": "1",
		"dividend_total_year": "0.48",
		"yield_per_ratio": "0.27",
		"beta": "-",
		"eps": "1.82",
		"per": "9.97",
		"roe": "19.03",
		"eps_hist_last_diff": "5",
		"eps_hist": [["2017-06-20", "1.74"], ["2017-07-31", "1.82"]],
		"yield_hist_last_diff": "-6",
		"yield_hist": [["2017-06-20", "2.67"], ["2017-12-29", "2.83"], ["2018-01-31", "2.65"]],
		"per_hist": [["2017-06-20", "10.36"], ["2017-12-29", "9.34"], ["2018-01-31", "9.97"]],
		"avgyield_per_ratio": "0.18",
		"avgyield": "2.72",
		"date": "31 22:45",
		"h_souce": "0.25",
		"per_hist_last_diff": "7",
		"avgper": "9.89",
		"value_hist": [["2017-12-29", "16.95"], ["2018-01-31", "18.09"]],
		"value_hist_last_diff": "7",
		"shares": "0.90",
		"mktcap": "16.28",
		"shares_hist": [["2017-12-29", "0.90"], ["2018-01-31", "0.90"]],
		"shares_hist_last_diff": "0",
		"revenue": "54.03",
		"price_to_book": "1.20",
		"leverage": "3.58",
		"leverage_industry": 0,
		"revenue_hist": [["2017-12-30", "54.03"], ["2018-02-01", "54.03"]],
		"revenue_hist_last_diff": "0",
		"leverage_hist": [["2017-12-30", "3.58"], ["2018-02-01", "3.58"]],
		"leverage_hist_last_diff": "0",
		"price_to_sales": "0.30",
		"price_to_sales_hist": [["2017-12-30", "0.28"], ["2018-02-01", "0.30"]],
		"price_to_sales_hist_last_diff": "7",
		"operating_margin": "6.61",
		"employees": "196.9",
		"operating_margin_hist": [["2017-12-29", "6.61"], ["2018-01-31", "6.61"]],
		"operating_margin_hist_last_diff": "0",
		"employees_hist": [["2017-12-29", "196.9"], ["2018-01-31", "196.9"]],
		"employees_hist_last_diff": "0",
		"avgyield_per_ratio_original": "0.27",
		"operating_margin_prev": "4.71",
		"key_period": "2017-06-30",
		"key_period_prev": "2016-12-31a",
		"leverage_industry_ratio": "1.43",
		"operating_margin_avg": "5.66",
		"operating_margin_prev_hist": [["2017-12-29", "4.71"], ["2018-01-31", "4.71"]],
		"operating_margin_prev_hist_last_diff": "0",
		"avg_revenue_growth_5y": "-2.05",
		"revenue_growth_qq_last_year": 0,
		"avg_revenue_growth_5y_hist": [["2017-12-30", "-2.05"], ["2018-02-01", "-2.05"]],
		"avg_revenue_growth_5y_hist_last_diff": "0",
		"inst_own": 0,
		"inst_own_hist": [["2017-12-29", 0], ["2018-01-31", 0]],
		"inst_own_hist_last_diff": "0",
		"avgvalue": "17.52",
		"yield_hist_trend": "^",
		"per_hist_trend": "v",
		"avgoperating_margin": "6.61",
		"avgoperating_margin_prev": "4.71",
		"avgshares": "0.90",
		"avgemployees": "196.90",
		"avginst_own": "0.00",
		"avgrevenue": "54.03",
		"avgleverage": "3.58",
		"avgprice_to_sales": "0.29",
		"avgavg_revenue_growth_5y": "-2.05",
		"heat_opportunity": "0.05",
		"eps_opportunity": "0.03",
		"eps_trend": "0.00",
		"high_yld_low_volatility_bonus": "0.00",
		"revenue_growth_bonus": "0.00",
		"revenue_growth_qq_last_year_hist": [["2018-02-01", 0]],
		"revenue_growth_qq_last_year_hist_last_diff": 0
	},
	"F:NYSE": {
		"name": "F",
		"market": "NYSE",
		"value": "10.97",
		"session_change": "-0.09",
		"session_change_percentage": "-0.81",
		"title": "Ford Motor Company",
		"yield": "5.47",
		"dividend": "0.15",
		"range_52week": "10.47 - 13.48",
		"range_52week_high": "13.48",
		"range_52week_low": "10.47",
		"range_52week_heat": "0.17",
		"range_52week_volatility": "0.29",
		"divs_per_year": "4",
		"dividend_total_year": "0.60",
		"yield_per_ratio": "0.95",
		"beta": "1.26",
		"eps": "1.90",
		"per": "5.78",
		"roe": "28.37",
		"eps_hist_last_diff": "73",
		"eps_hist": [["2017-06-20", "0.93"], ["2017-07-27", "0.95"], ["2017-10-27", "1.10"], ["2018-01-26", "1.90"]],
		"yield_hist_last_diff": "14",
		"yield_hist": [["2017-06-20", "5.40"], ["2017-12-29", "4.80"], ["2018-01-31", "5.47"]],
		"per_hist": [["2017-06-20", "11.93"], ["2017-12-29", "11.33"], ["2018-01-31", "5.78"]],
		"avgyield_per_ratio": "0.48",
		"avgyield": "5.22",
		"date": "31 22:45",
		"h_souce": "0.67",
		"per_hist_last_diff": "-49",
		"avgper": "9.68",
		"value_hist": [["2017-12-29", "12.49"], ["2018-01-31", "10.97"]],
		"value_hist_last_diff": "-12",
		"eps_hist_trend": "\/",
		"shares": "3.99",
		"mktcap": "43.77",
		"shares_hist": [["2017-12-29", "3.99"], ["2018-01-31", "3.99"]],
		"shares_hist_last_diff": "0",
		"revenue": "151.80",
		"price_to_book": "1.30",
		"leverage": "7.56",
		"leverage_industry": "3.16",
		"revenue_hist": [["2017-12-30", "151.80"], ["2018-02-01", "151.80"]],
		"revenue_hist_last_diff": "0",
		"leverage_hist": [["2017-12-30", "7.56"], ["2018-02-01", "7.56"]],
		"leverage_hist_last_diff": "0",
		"price_to_sales": "0.28",
		"price_to_sales_hist": [["2017-12-30", "0.32"], ["2018-02-01", "0.28"]],
		"price_to_sales_hist_last_diff": "-13",
		"operating_margin": "2.10",
		"employees": "201.0",
		"operating_margin_hist": [["2017-12-29", "2.66"], ["2018-01-31", "2.10"]],
		"operating_margin_hist_last_diff": "-21",
		"employees_hist": [["2017-12-29", "201.0"], ["2018-01-31", "201.0"]],
		"employees_hist_last_diff": "0",
		"avgyield_per_ratio_original": "0.87",
		"operating_margin_prev": "3.07",
		"key_period": "2017-12-31",
		"key_period_prev": "2017-12-31a",
		"leverage_industry_ratio": "2.39",
		"operating_margin_avg": "2.59",
		"operating_margin_prev_hist": [["2017-12-29", "2.71"], ["2018-01-31", "3.07"]],
		"operating_margin_prev_hist_last_diff": "13",
		"avg_revenue_growth_5y": "2.18",
		"revenue_growth_qq_last_year": "1.40",
		"avg_revenue_growth_5y_hist": [["2017-12-30", "2.18"], ["2018-02-01", "2.18"]],
		"avg_revenue_growth_5y_hist_last_diff": "0",
		"inst_own": 56,
		"inst_own_hist": [["2017-12-29", 55], ["2018-01-31", 56]],
		"inst_own_hist_last_diff": "2",
		"avgvalue": "11.73",
		"yield_hist_trend": "v",
		"per_hist_trend": "\\",
		"avgoperating_margin": "2.38",
		"avgoperating_margin_prev": "2.89",
		"avgshares": "3.99",
		"avgemployees": "201.00",
		"avginst_own": "55.50",
		"avgrevenue": "151.80",
		"avgleverage": "7.56",
		"avgprice_to_sales": "0.30",
		"avgavg_revenue_growth_5y": "2.18",
		"heat_opportunity": "0.06",
		"eps_opportunity": "0.03",
		"eps_trend": "0.05",
		"high_yld_low_volatility_bonus": "0.05",
		"revenue_growth_bonus": "0.00",
		"revenue_growth_qq_last_year_hist": [["2018-02-01", "1.40"]],
		"revenue_growth_qq_last_year_hist_last_diff": 0
	},
	"SPWR:NASDAQ": {
		"name": "SPWR",
		"market": "NASDAQ",
		"value": "7.93",
		"session_change": "-0.25",
		"session_change_percentage": "-3.06",
		"title": "SunPower Corporation",
		"yield": 0,
		"dividend": "",
		"range_52week": "5.84 - 11.70",
		"range_52week_high": "11.70",
		"range_52week_low": "5.84",
		"range_52week_heat": "0.36",
		"range_52week_volatility": "1.00",
		"divs_per_year": "0",
		"dividend_total_year": "0",
		"yield_per_ratio": "0",
		"beta": "3.16",
		"eps": "-4.02",
		"per": 999,
		"roe": "-30.03",
		"eps_hist_last_diff": 0,
		"eps_hist": [["2017-05-11", "-3.76"], ["2017-08-03", "-3.92"], ["2017-11-06", "-4.02"]],
		"yield_hist_last_diff": "0",
		"yield_hist": [["2017-12-29", 0], ["2018-01-31", 0]],
		"per_hist": [["2017-12-29", 999], ["2018-01-31", 999]],
		"eps_hist_last_down": "-4",
		"avgyield_per_ratio": "-0.09",
		"avgyield": "0.00",
		"date": "31 22:45",
		"h_souce": "-0.01",
		"per_hist_last_diff": "0",
		"value_hist": [["2017-12-29", "8.43"], ["2018-01-31", "7.93"]],
		"value_hist_last_diff": "-6",
		"shares": "0.14",
		"mktcap": "1.11",
		"shares_hist": [["2017-12-29", "0.14"], ["2018-01-31", "0.14"]],
		"shares_hist_last_diff": "0",
		"eps_hist_trend": "\\",
		"revenue": "2.56",
		"price_to_book": "1.57",
		"leverage": "6.13",
		"leverage_industry": "1.64",
		"revenue_hist": [["2017-12-30", "2.56"], ["2018-02-01", "2.56"]],
		"revenue_hist_last_diff": "0",
		"leverage_hist": [["2017-12-30", "6.13"], ["2018-02-01", "6.13"]],
		"leverage_hist_last_diff": "0",
		"price_to_sales": "0.49",
		"price_to_sales_hist": [["2017-12-30", "0.54"], ["2018-02-01", "0.49"]],
		"price_to_sales_hist_last_diff": "-9",
		"operating_margin": "-16.13",
		"employees": "8.9",
		"operating_margin_hist": [["2017-12-29", "-16.13"], ["2018-01-31", "-16.13"]],
		"operating_margin_hist_last_diff": "0",
		"employees_hist": [["2017-12-29", "8.9"], ["2018-01-31", "8.9"]],
		"employees_hist_last_diff": "0",
		"avgyield_per_ratio_original": "0.02",
		"operating_margin_prev": "-15.88",
		"key_period": "2017-oct",
		"key_period_prev": "2017-12-31a",
		"leverage_industry_ratio": "2.45",
		"operating_margin_avg": "-16.01",
		"operating_margin_prev_hist": [["2017-12-29", "-15.88"], ["2018-01-31", "-15.88"]],
		"operating_margin_prev_hist_last_diff": "0",
		"avg_revenue_growth_5y": "2.05",
		"revenue_growth_qq_last_year": "-34.60",
		"avg_revenue_growth_5y_hist": [["2017-12-30", "2.05"], ["2018-02-01", "2.05"]],
		"avg_revenue_growth_5y_hist_last_diff": "0",
		"inst_own": 29,
		"inst_own_hist": [["2017-12-29", 28], ["2018-01-31", 29]],
		"inst_own_hist_last_diff": "4",
		"avgvalue": "8.18",
		"avgper": "999.00",
		"avgoperating_margin": "-16.13",
		"avgoperating_margin_prev": "-15.88",
		"avgshares": "0.14",
		"avgemployees": "8.90",
		"avginst_own": "28.50",
		"avgrevenue": "2.56",
		"avgleverage": "6.13",
		"avgprice_to_sales": "0.52",
		"avgavg_revenue_growth_5y": "2.05",
		"heat_opportunity": "0.08",
		"eps_opportunity": "0.00",
		"eps_trend": "0.00",
		"high_yld_low_volatility_bonus": "0.00",
		"revenue_growth_bonus": "0.00",
		"revenue_growth_qq_last_year_hist": [["2018-02-01", "-34.60"]],
		"revenue_growth_qq_last_year_hist_last_diff": 0
	},
	"TSLA:NASDAQ": {
		"name": "TSLA",
		"market": "NASDAQ",
		"value": "354.31",
		"session_change": "+8.49",
		"session_change_percentage": "2.46",
		"title": "Tesla",
		"yield": 0,
		"dividend": "",
		"range_52week": "242.01 - 389.61",
		"range_52week_high": "389.61",
		"range_52week_low": "242.01",
		"range_52week_heat": "0.76",
		"range_52week_volatility": "0.61",
		"divs_per_year": "0",
		"dividend_total_year": "0",
		"yield_per_ratio": "0",
		"beta": "0.94",
		"eps": "-8.56",
		"per": 999,
		"roe": "-50.61",
		"eps_hist_last_diff": "-81",
		"eps_hist": [["2017-02-24", "-4.87"], ["2017-05-05", "-4.77"], ["2017-08-04", "-4.72"], ["2017-11-02", "-8.56"]],
		"yield_hist_last_diff": "0",
		"yield_hist": [["2017-12-29", 0], ["2018-01-31", 0]],
		"per_hist": [["2017-12-29", 999], ["2018-01-31", 999]],
		"eps_hist_trend": "^",
		"avgyield_per_ratio": "0.25",
		"avgyield": "0.00",
		"date": "31 22:49",
		"h_souce": "0.20",
		"per_hist_last_diff": "0",
		"value_hist": [["2017-12-29", "311.35"], ["2018-01-31", "354.31"]],
		"value_hist_last_diff": "14",
		"shares": "0.17",
		"mktcap": "60.23",
		"eps_hist_last_down": "-81",
		"shares_hist": [["2017-12-29", "0.17"], ["2018-01-31", "0.17"]],
		"shares_hist_last_diff": "0",
		"revenue": "7.00",
		"price_to_book": "-",
		"leverage": "5.97",
		"leverage_industry": "3.16",
		"price_to_sales": 99,
		"revenue_hist": [["2017-12-30", "7.00"], ["2018-02-01", "7.00"]],
		"revenue_hist_last_diff": "0",
		"leverage_hist": [["2017-12-30", "5.97"], ["2018-02-01", "5.97"]],
		"leverage_hist_last_diff": "0",
		"price_to_sales_hist": [["2017-12-30", "4.70"], ["2018-02-01", 99]],
		"price_to_sales_hist_last_diff": "2006",
		"operating_margin": "-17.94",
		"employees": "17.8",
		"operating_margin_hist": [["2017-12-29", "-17.94"], ["2018-01-31", "-17.94"]],
		"operating_margin_hist_last_diff": "0",
		"employees_hist": [["2017-12-29", "17.8"], ["2018-01-31", "17.8"]],
		"employees_hist_last_diff": "0",
		"avgyield_per_ratio_original": "0.02",
		"operating_margin_prev": "-9.53",
		"key_period": "2017-09-30",
		"key_period_prev": "2016-12-31a",
		"leverage_industry_ratio": "1.89",
		"operating_margin_avg": "-13.74",
		"operating_margin_prev_hist": [["2017-12-29", "-9.53"], ["2018-01-31", "-9.53"]],
		"operating_margin_prev_hist_last_diff": "0",
		"avg_revenue_growth_5y": "102.76",
		"revenue_growth_qq_last_year": "29.90",
		"avg_revenue_growth_5y_hist": [["2017-12-30", "102.76"], ["2018-02-01", "102.76"]],
		"avg_revenue_growth_5y_hist_last_diff": "0",
		"inst_own": 60,
		"inst_own_hist": [["2017-12-29", 60], ["2018-01-31", 60]],
		"inst_own_hist_last_diff": "0",
		"avgvalue": "332.83",
		"avgper": "999.00",
		"avgoperating_margin": "-17.94",
		"avgoperating_margin_prev": "-9.53",
		"avgshares": "0.17",
		"avgemployees": "17.80",
		"avginst_own": "60.00",
		"avgrevenue": "7.00",
		"avgleverage": "5.97",
		"avgprice_to_sales": "51.85",
		"avgavg_revenue_growth_5y": "102.76",
		"heat_opportunity": "0.02",
		"eps_opportunity": "-0.03",
		"eps_trend": "-0.05",
		"high_yld_low_volatility_bonus": "0.00",
		"revenue_growth_bonus": "0.00",
		"revenue_growth_qq_last_year_hist": [["2018-02-01", "29.90"]],
		"revenue_growth_qq_last_year_hist_last_diff": 0
	},
	"ED:NYSE": {
		"name": "ED",
		"market": "NYSE",
		"date": "31 22:45",
		"value": "80.36",
		"session_change": "+0.77",
		"session_change_percentage": "0.97",
		"title": "Consolidated Edison,",
		"yield": "3.56",
		"dividend": "0.71",
		"range_52week": "72.63 - 89.70",
		"range_52week_high": "89.70",
		"range_52week_low": "72.63",
		"range_52week_heat": "0.45",
		"range_52week_volatility": "0.24",
		"divs_per_year": "4",
		"dividend_total_year": "2.84",
		"yield_per_ratio": "0.18",
		"avgyield_per_ratio": "0.53",
		"beta": "0.10",
		"eps": "3.99",
		"per": "20.15",
		"roe": "12.39",
		"avgyield": "3.41",
		"eps_hist": [["2017-09-27", "4.14"], ["2017-11-06", "3.99"]],
		"yield_hist": [["2017-12-29", "3.25"], ["2018-01-31", "3.56"]],
		"per_hist": [["2017-12-29", "21.30"], ["2018-01-31", "20.15"]],
		"eps_hist_last_diff": 0,
		"yield_hist_last_diff": "10",
		"h_souce": "0.61",
		"per_hist_last_diff": "-5",
		"value_hist": [["2017-12-29", "84.95"], ["2018-01-31", "80.36"]],
		"value_hist_last_diff": "-5",
		"shares": "0.31",
		"mktcap": "24.91",
		"shares_hist": [["2017-12-29", "0.31"], ["2018-01-31", "0.31"]],
		"shares_hist_last_diff": "0",
		"revenue": "12.08",
		"price_to_book": "1.65",
		"leverage": "3.26",
		"leverage_industry": "3.44",
		"revenue_hist": [["2017-12-30", "12.08"], ["2018-02-01", "12.08"]],
		"revenue_hist_last_diff": "0",
		"leverage_hist": [["2017-12-30", "3.26"], ["2018-02-01", "3.26"]],
		"leverage_hist_last_diff": "0",
		"price_to_sales": "2.01",
		"price_to_sales_hist": [["2017-12-30", "2.13"], ["2018-02-01", "2.01"]],
		"price_to_sales_hist_last_diff": "-6",
		"operating_margin": "27.19",
		"employees": "15.0",
		"operating_margin_hist": [["2017-12-29", "27.19"], ["2018-01-31", "27.19"]],
		"operating_margin_hist_last_diff": "0",
		"employees_hist": [["2017-12-29", "15.0"], ["2018-01-31", "15.0"]],
		"employees_hist_last_diff": "0",
		"avgyield_per_ratio_original": "0.17",
		"operating_margin_prev": "21.33",
		"key_period": "2017-09-30",
		"key_period_prev": "2016-12-31a",
		"leverage_industry_ratio": "0.95",
		"operating_margin_avg": "24.26",
		"operating_margin_prev_hist": [["2017-12-29", "21.33"], ["2018-01-31", "21.33"]],
		"operating_margin_prev_hist_last_diff": "0",
		"avg_revenue_growth_5y": "-1.37",
		"revenue_growth_qq_last_year": "-1.00",
		"avg_revenue_growth_5y_hist": [["2017-12-30", "-1.37"], ["2018-02-01", "-1.37"]],
		"avg_revenue_growth_5y_hist_last_diff": "0",
		"inst_own": 59,
		"inst_own_hist": [["2017-12-29", 58], ["2018-01-31", 59]],
		"inst_own_hist_last_diff": "2",
		"avgvalue": "82.66",
		"avgper": "20.73",
		"avgoperating_margin": "27.19",
		"avgoperating_margin_prev": "21.33",
		"avgshares": "0.31",
		"avgemployees": "15.00",
		"avginst_own": "58.50",
		"avgrevenue": "12.08",
		"avgleverage": "3.26",
		"avgprice_to_sales": "2.07",
		"avgavg_revenue_growth_5y": "-1.37",
		"heat_opportunity": "0.04",
		"eps_opportunity": "0.00",
		"eps_trend": "0.00",
		"high_yld_low_volatility_bonus": "0.05",
		"revenue_growth_bonus": "0.00",
		"revenue_growth_qq_last_year_hist": [["2018-02-01", "-1.00"]],
		"revenue_growth_qq_last_year_hist_last_diff": 0
	},
	"FAE:BME": {
		"name": "FAE",
		"market": "BME",
		"date": "31 23:30",
		"value": "2.93",
		"session_change": "+0.01",
		"session_change_percentage": "0.34",
		"title": "FAES Farma",
		"yield": "4.01",
		"dividend": "0.10",
		"range_52week": "2.57 - 3.48",
		"range_52week_high": "3.48",
		"range_52week_low": "2.57",
		"range_52week_heat": "0.40",
		"range_52week_volatility": "0.35",
		"divs_per_year": "1",
		"dividend_total_year": "0.10",
		"yield_per_ratio": "0.21",
		"avgyield_per_ratio": "0.71",
		"beta": "-",
		"eps": "0.15",
		"per": "19.43",
		"roe": "-",
		"avgyield": "4.00",
		"eps_hist": [["2017-12-18", "0.15"]],
		"yield_hist": [["2017-12-29", "3.99"], ["2018-01-31", "4.01"]],
		"per_hist": [["2017-12-29", "19.52"], ["2018-01-31", "19.43"]],
		"eps_hist_last_diff": 0,
		"yield_hist_last_diff": "1",
		"h_souce": "0.86",
		"per_hist_last_diff": "-0",
		"value_hist": [["2017-12-29", "2.94"], ["2018-01-31", "2.93"]],
		"value_hist_last_diff": "-0",
		"shares": "0.27",
		"mktcap": "0.79",
		"shares_hist": [["2017-12-29", "0.27"], ["2018-01-31", "0.27"]],
		"shares_hist_last_diff": "0",
		"revenue": "0.23",
		"price_to_book": "2.44",
		"leverage": "1.39",
		"leverage_industry": 0,
		"revenue_hist": [["2017-12-30", "0.23"], ["2018-02-01", "0.23"]],
		"revenue_hist_last_diff": "0",
		"leverage_hist": [["2017-12-30", "1.39"], ["2018-02-01", "1.39"]],
		"leverage_hist_last_diff": "0",
		"price_to_sales": "2.86",
		"price_to_sales_hist": [["2017-12-30", "2.94"], ["2018-02-01", "2.86"]],
		"price_to_sales_hist_last_diff": "-3",
		"operating_margin": "19.54",
		"operating_margin_prev": "20.07",
		"key_period": "2017-09-30",
		"key_period_prev": "2016-12-31a",
		"employees": "0.9",
		"operating_margin_hist": [["2017-12-29", "19.54"], ["2018-01-31", "19.54"]],
		"operating_margin_hist_last_diff": "0",
		"employees_hist": [["2017-12-29", "0.9"], ["2018-01-31", "0.9"]],
		"employees_hist_last_diff": "0",
		"avgyield_per_ratio_original": "0.21",
		"operating_margin_avg": "19.81",
		"operating_margin_prev_hist": [["2017-12-29", "20.07"], ["2018-01-31", "20.07"]],
		"operating_margin_prev_hist_last_diff": "0",
		"leverage_industry_ratio": "0.56",
		"avg_revenue_growth_5y": "3.75",
		"avg_revenue_growth_5y_hist": [["2017-12-30", "3.75"], ["2018-02-01", "3.75"]],
		"avg_revenue_growth_5y_hist_last_diff": "0",
		"revenue_growth_qq_last_year": "28.20",
		"inst_own": 0,
		"inst_own_hist": [["2017-12-29", 0], ["2018-01-31", 0]],
		"inst_own_hist_last_diff": "0",
		"avgvalue": "2.94",
		"avgper": "19.48",
		"avgoperating_margin": "19.54",
		"avgoperating_margin_prev": "20.07",
		"avgshares": "0.27",
		"avgemployees": "0.90",
		"avginst_own": "0.00",
		"avgrevenue": "0.23",
		"avgleverage": "1.39",
		"avgprice_to_sales": "2.90",
		"avgavg_revenue_growth_5y": "3.75",
		"heat_opportunity": "0.05",
		"eps_opportunity": "0.00",
		"high_yld_low_volatility_bonus": "0.05",
		"revenue_growth_bonus": "0.05",
		"eps_trend": "0.00",
		"revenue_growth_qq_last_year_hist": [["2018-02-01", "28.20"]],
		"revenue_growth_qq_last_year_hist_last_diff": 0
	},
	"YRD:NYSE": {
		"name": "YRD",
		"market": "NYSE",
		"date": "31 23:45",
		"value": "40.42",
		"session_change": "-0.82",
		"session_change_percentage": "-1.99",
		"title": "Yirendai Ltd - ADR",
		"yield": 0,
		"dividend": "",
		"range_52week": "19.90 - 53.50",
		"range_52week_high": "53.50",
		"range_52week_low": "19.90",
		"range_52week_heat": "0.61",
		"range_52week_volatility": "1.69",
		"divs_per_year": "0",
		"dividend_total_year": "0",
		"yield_per_ratio": "0",
		"avgyield_per_ratio": "0.64",
		"beta": "-",
		"eps": "3.39",
		"per": "11.91",
		"roe": "46.31",
		"avgyield": "0.00",
		"eps_hist": [["2017-12-29", "3.28"], ["2018-01-26", "3.39"]],
		"yield_hist": [["2017-12-29", 0], ["2018-01-31", 0]],
		"per_hist": [["2017-12-29", "13.39"], ["2018-01-31", "11.91"]],
		"eps_hist_last_diff": 0,
		"yield_hist_last_diff": "0",
		"h_souce": "0.76",
		"per_hist_last_diff": "-11",
		"value_hist": [["2017-12-29", "43.97"], ["2018-01-31", "40.42"]],
		"value_hist_last_diff": "-8",
		"shares": "0.12",
		"mktcap": "4.85",
		"shares_hist": [["2017-12-29", "0.12"], ["2018-01-31", "0.12"]],
		"shares_hist_last_diff": "0",
		"revenue": "0.52",
		"price_to_book": "6.26",
		"leverage": "2.80",
		"leverage_industry": "4.32",
		"price_to_sales": "3.25",
		"revenue_hist": [["2017-12-30", "0.50"], ["2018-02-01", "0.52"]],
		"revenue_hist_last_diff": "4",
		"leverage_hist": [["2017-12-30", "2.80"], ["2018-02-01", "2.80"]],
		"leverage_hist_last_diff": "0",
		"price_to_sales_hist": [["2017-12-30", "3.53"], ["2018-02-01", "3.25"]],
		"price_to_sales_hist_last_diff": "-8",
		"operating_margin": "24.97",
		"employees": "0.9",
		"operating_margin_hist": [["2017-12-29", "24.97"], ["2018-01-31", "24.97"]],
		"operating_margin_hist_last_diff": "0",
		"employees_hist": [["2017-12-29", "0.9"], ["2018-01-31", "0.9"]],
		"employees_hist_last_diff": "0",
		"avgyield_per_ratio_original": "0.13",
		"operating_margin_prev": "33.50",
		"key_period": "2017-09-30",
		"key_period_prev": "2016-12-31a",
		"leverage_industry_ratio": "0.65",
		"operating_margin_avg": "29.24",
		"operating_margin_prev_hist": [["2017-12-29", "33.50"], ["2018-01-31", "33.50"]],
		"operating_margin_prev_hist_last_diff": "0",
		"avg_revenue_growth_5y": 0,
		"avg_revenue_growth_5y_hist": [["2017-12-30", 0], ["2018-02-01", 0]],
		"avg_revenue_growth_5y_hist_last_diff": "0",
		"revenue_growth_qq_last_year": "63.30",
		"inst_own": 7,
		"inst_own_hist": [["2017-12-29", 5], ["2018-01-31", 7]],
		"inst_own_hist_last_diff": "40",
		"avgvalue": "42.20",
		"avgper": "12.65",
		"avgoperating_margin": "24.97",
		"avgoperating_margin_prev": "33.50",
		"avgshares": "0.12",
		"avgemployees": "0.90",
		"avginst_own": "6.00",
		"avgrevenue": "0.51",
		"avgleverage": "2.80",
		"avgprice_to_sales": "3.39",
		"avgavg_revenue_growth_5y": "0.00",
		"heat_opportunity": "0.06",
		"eps_opportunity": "0.00",
		"high_yld_low_volatility_bonus": "0.00",
		"revenue_growth_bonus": "0.05",
		"eps_trend": "0.00",
		"revenue_growth_qq_last_year_hist": [["2018-02-01", "63.30"]],
		"revenue_growth_qq_last_year_hist_last_diff": 0
	},
	"FIT:NYSE": {
		"name": "FIT",
		"market": "NYSE",
		"date": "31 23:45",
		"value": "5.15",
		"session_change": "-0.05",
		"session_change_percentage": "-0.96",
		"title": "Fitbit",
		"yield": 0,
		"dividend": "",
		"range_52week": "4.90 - 7.32",
		"range_52week_high": "7.32",
		"range_52week_low": "4.90",
		"range_52week_heat": "0.10",
		"range_52week_volatility": "0.49",
		"divs_per_year": "0",
		"dividend_total_year": "0",
		"yield_per_ratio": "0",
		"avgyield_per_ratio": "-0.17",
		"beta": "-",
		"eps": "-1.65",
		"per": 999,
		"roe": "-51.78",
		"avgyield": "0.00",
		"eps_hist": [["2017-11-03", "-1.65"]],
		"yield_hist": [["2017-12-29", 0], ["2018-01-31", 0]],
		"per_hist": [["2017-12-29", 999], ["2018-01-31", 999]],
		"eps_hist_last_diff": 0,
		"yield_hist_last_diff": "0",
		"h_souce": "-0.10",
		"per_hist_last_diff": "0",
		"value_hist": [["2017-12-29", "5.71"], ["2018-01-31", "5.15"]],
		"value_hist_last_diff": "-10",
		"shares": "0.24",
		"mktcap": "1.24",
		"shares_hist": [["2017-12-29", "0.24"], ["2018-01-31", "0.24"]],
		"shares_hist_last_diff": "0",
		"revenue": "2.17",
		"price_to_book": "1.48",
		"leverage": "1.75",
		"leverage_industry": "2.17",
		"price_to_sales": "0.74",
		"revenue_hist": [["2017-12-30", "2.17"], ["2018-01-31", "2.17"]],
		"revenue_hist_last_diff": "0",
		"leverage_hist": [["2017-12-30", "1.75"], ["2018-01-31", "1.75"]],
		"leverage_hist_last_diff": "0",
		"price_to_sales_hist": [["2017-12-30", "0.84"], ["2018-01-31", "0.74"]],
		"price_to_sales_hist_last_diff": "-12",
		"operating_margin": "-7.04",
		"employees": "1.7",
		"operating_margin_hist": [["2017-12-29", "-7.04"], ["2018-01-31", "-7.04"]],
		"operating_margin_hist_last_diff": "0",
		"employees_hist": [["2017-12-29", "1.7"], ["2018-01-31", "1.7"]],
		"employees_hist_last_diff": "0",
		"avgyield_per_ratio_original": "0.02",
		"operating_margin_prev": "-5.18",
		"key_period": "2017-09-30",
		"key_period_prev": "2016-12-31a",
		"leverage_industry_ratio": "0.70",
		"operating_margin_avg": "-6.11",
		"operating_margin_prev_hist": [["2017-12-29", "-5.18"], ["2018-01-31", "-5.18"]],
		"operating_margin_prev_hist_last_diff": "0",
		"avg_revenue_growth_5y": 0,
		"avg_revenue_growth_5y_hist": [["2017-12-30", 0], ["2018-01-31", 0]],
		"avg_revenue_growth_5y_hist_last_diff": "0",
		"revenue_growth_qq_last_year": "-22.10",
		"inst_own": 58,
		"inst_own_hist": [["2017-12-29", 56], ["2018-01-31", 58]],
		"inst_own_hist_last_diff": "4",
		"avgvalue": "5.43",
		"avgper": "999.00",
		"avgoperating_margin": "-7.04",
		"avgoperating_margin_prev": "-5.18",
		"avgshares": "0.24",
		"avgemployees": "1.70",
		"avginst_own": "57.00",
		"avgrevenue": "2.17",
		"avgleverage": "1.75",
		"avgprice_to_sales": "0.79",
		"avgavg_revenue_growth_5y": "0.00",
		"heat_opportunity": "0.08",
		"eps_opportunity": "0.00",
		"high_yld_low_volatility_bonus": "0.00",
		"revenue_growth_bonus": "0.00",
		"eps_trend": "0.00",
		"revenue_growth_qq_last_year_hist": [["2018-01-31", "-22.10"]],
		"revenue_growth_qq_last_year_hist_last_diff": 0
	},
	"BABA:NYSE": {
		"name": "BABA",
		"market": "NYSE",
		"date": "31 23:45",
		"value": "204.29",
		"session_change": "+4.65",
		"session_change_percentage": "2.33",
		"title": "Alibaba Group Holding Ltd",
		"yield": 0,
		"dividend": "",
		"range_52week": "100.02 - 206.20",
		"range_52week_high": "206.20",
		"range_52week_low": "100.02",
		"range_52week_heat": "0.98",
		"range_52week_volatility": "1.06",
		"divs_per_year": "0",
		"dividend_total_year": "0",
		"yield_per_ratio": "0",
		"avgyield_per_ratio": "0.53",
		"beta": "2.52",
		"eps": "3.72",
		"per": "54.94",
		"roe": "22.83",
		"avgyield": "0.00",
		"eps_hist": [["2017-12-29", "3.60"], ["2018-01-31", "3.72"]],
		"yield_hist": [["2017-12-29", 0], ["2018-01-31", 0]],
		"per_hist": [["2017-12-29", "47.93"], ["2018-01-31", "54.94"]],
		"eps_hist_last_diff": 0,
		"yield_hist_last_diff": "0",
		"h_souce": "0.59",
		"per_hist_last_diff": "15",
		"value_hist": [["2017-12-29", "172.43"], ["2018-01-31", "204.29"]],
		"value_hist_last_diff": "18",
		"shares": "2.53",
		"mktcap": "516.85",
		"shares_hist": [["2017-12-29", "2.53"], ["2018-01-31", "2.53"]],
		"shares_hist_last_diff": "0",
		"revenue": "25.13",
		"price_to_book": "10.04",
		"leverage": "1.80",
		"leverage_industry": "2.93",
		"price_to_sales": "16.58",
		"revenue_hist": [["2017-12-30", "24.33"], ["2018-01-31", "25.13"]],
		"revenue_hist_last_diff": "3",
		"leverage_hist": [["2017-12-30", "1.80"], ["2018-01-31", "1.80"]],
		"leverage_hist_last_diff": "0",
		"price_to_sales_hist": [["2017-12-30", "14.79"], ["2018-01-31", "16.58"]],
		"price_to_sales_hist_last_diff": "12",
		"operating_margin": "30.09",
		"employees": "50.1",
		"operating_margin_hist": [["2017-12-29", "30.09"], ["2018-01-31", "30.09"]],
		"operating_margin_hist_last_diff": "0",
		"employees_hist": [["2017-12-29", "50.1"], ["2018-01-31", "50.1"]],
		"employees_hist_last_diff": "0",
		"avgyield_per_ratio_original": "0.03",
		"operating_margin_prev": "29.02",
		"key_period": "2017-09-30",
		"key_period_prev": "2017-12-31a",
		"leverage_industry_ratio": "0.61",
		"operating_margin_avg": "29.56",
		"operating_margin_prev_hist": [["2017-12-29", "29.02"], ["2018-01-31", "29.02"]],
		"operating_margin_prev_hist_last_diff": "0",
		"avg_revenue_growth_5y": "51.21",
		"avg_revenue_growth_5y_hist": [["2017-12-30", "51.21"], ["2018-01-31", "51.21"]],
		"avg_revenue_growth_5y_hist_last_diff": "0",
		"revenue_growth_qq_last_year": "60.70",
		"inst_own": 41,
		"inst_own_hist": [["2017-12-29", 41], ["2018-01-31", 41]],
		"inst_own_hist_last_diff": "0",
		"avgvalue": "188.36",
		"avgper": "51.44",
		"avgoperating_margin": "30.09",
		"avgoperating_margin_prev": "29.02",
		"avgshares": "2.53",
		"avgemployees": "50.10",
		"avginst_own": "41.00",
		"avgrevenue": "24.73",
		"avgleverage": "1.80",
		"avgprice_to_sales": "15.69",
		"avgavg_revenue_growth_5y": "51.21",
		"heat_opportunity": "0.00",
		"eps_opportunity": "0.00",
		"high_yld_low_volatility_bonus": "0.00",
		"revenue_growth_bonus": "0.05",
		"eps_trend": "0.00",
		"revenue_growth_qq_last_year_hist": [["2018-01-31", "60.70"]],
		"revenue_growth_qq_last_year_hist_last_diff": 0
	},
	"BLK:NYSE": {
		"name": "BLK",
		"market": "NYSE",
		"date": "31 23:49",
		"value": "561.80",
		"session_change": "-0.49",
		"session_change_percentage": "-0.09",
		"title": "BlackRock,",
		"yield": "2.05",
		"dividend": "2.88",
		"range_52week": "365.83 - 594.52",
		"range_52week_high": "594.52",
		"range_52week_low": "365.83",
		"range_52week_heat": "0.86",
		"range_52week_volatility": "0.63",
		"divs_per_year": "4",
		"dividend_total_year": "11.52",
		"yield_per_ratio": "0.11",
		"avgyield_per_ratio": "0.46",
		"beta": "1.81",
		"eps": "30.30",
		"per": "18.54",
		"roe": "-",
		"avgyield": "2.00",
		"eps_hist": [["2017-10-26", "21.36"], ["2018-01-15", "30.30"]],
		"eps_hist_last_diff": "42",
		"yield_hist": [["2017-12-29", "1.95"], ["2018-01-31", "2.05"]],
		"yield_hist_last_diff": "5",
		"per_hist": [["2017-12-29", "24.05"], ["2018-01-31", "18.54"]],
		"per_hist_last_diff": "-23",
		"value_hist": [["2017-12-29", "513.71"], ["2018-01-31", "561.80"]],
		"value_hist_last_diff": "9",
		"h_souce": "0.55",
		"shares": "0.16",
		"mktcap": "89.89",
		"shares_hist": [["2017-12-29", "0.16"], ["2018-01-31", "0.16"]],
		"shares_hist_last_diff": "0",
		"revenue": "11.16",
		"price_to_book": "3.02",
		"leverage": "7.34",
		"leverage_industry": "8.43",
		"revenue_hist": [["2017-12-30", "11.16"], ["2018-01-31", "11.16"]],
		"revenue_hist_last_diff": "0",
		"leverage_hist": [["2017-12-30", "7.34"], ["2018-01-31", "7.34"]],
		"leverage_hist_last_diff": "0",
		"price_to_sales": "7.78",
		"price_to_sales_hist": [["2017-12-30", "7.16"], ["2018-01-31", "7.78"]],
		"price_to_sales_hist_last_diff": "9",
		"operating_margin": "42.92",
		"employees": "13.7",
		"operating_margin_hist": [["2017-12-29", "43.12"], ["2018-01-31", "42.92"]],
		"operating_margin_hist_last_diff": "-0",
		"employees_hist": [["2017-12-29", "13.7"], ["2018-01-31", "13.7"]],
		"employees_hist_last_diff": "0",
		"avgyield_per_ratio_original": "0.11",
		"operating_margin_prev": "42.21",
		"key_period": "2017-12-31",
		"key_period_prev": "2017-12-31a",
		"leverage_industry_ratio": "0.87",
		"operating_margin_avg": "42.57",
		"operating_margin_prev_hist": [["2017-12-29", "40.97"], ["2018-01-31", "42.21"]],
		"operating_margin_prev_hist_last_diff": "3",
		"avg_revenue_growth_5y": "4.20",
		"avg_revenue_growth_5y_hist": [["2017-12-30", "4.20"], ["2018-01-31", "4.20"]],
		"avg_revenue_growth_5y_hist_last_diff": "0",
		"revenue_growth_qq_last_year": "14.00",
		"inst_own": 89,
		"inst_own_hist": [["2017-12-29", 89], ["2018-01-31", 89]],
		"inst_own_hist_last_diff": "0",
		"avgvalue": "537.76",
		"avgper": "21.30",
		"avgoperating_margin": "43.02",
		"avgoperating_margin_prev": "41.59",
		"avgshares": "0.16",
		"avgemployees": "13.70",
		"avginst_own": "89.00",
		"avgrevenue": "11.16",
		"avgleverage": "7.34",
		"avgprice_to_sales": "7.47",
		"avgavg_revenue_growth_5y": "4.20",
		"heat_opportunity": "0.01",
		"eps_opportunity": "0.03",
		"high_yld_low_volatility_bonus": "0.00",
		"revenue_growth_bonus": "0.05",
		"eps_trend": "0.00",
		"revenue_growth_qq_last_year_hist": [["2018-01-31", "14.00"]],
		"revenue_growth_qq_last_year_hist_last_diff": 0
	},
	"BP:NYSE": {
		"revenue": "186.61",
		"price_to_book": "1.44",
		"price_to_sales": "0.62",
		"leverage": "2.76",
		"leverage_industry": "2.07",
		"revenue_hist": [["2017-12-30", "186.61"], ["2018-02-01", "186.61"]],
		"revenue_hist_last_diff": "0",
		"leverage_hist": [["2017-12-30", "2.76"], ["2018-02-01", "2.76"]],
		"leverage_hist_last_diff": "0",
		"price_to_sales_hist": [["2017-12-30", "0.61"], ["2018-02-01", "0.62"]],
		"price_to_sales_hist_last_diff": "2",
		"name": "BP",
		"market": "NYSE",
		"date": "31 22:30",
		"value": "42.79",
		"value_hist": [["2017-12-29", "42.03"], ["2018-01-31", "42.79"]],
		"value_hist_last_diff": "2",
		"session_change": "-0.01",
		"session_change_percentage": "-0.02",
		"title": "BP plc (ADR)",
		"range_52week": "33.10 - 44.62",
		"range_52week_high": "44.62",
		"range_52week_low": "33.10",
		"range_52week_heat": "0.84",
		"range_52week_volatility": "0.35",
		"beta": "0.97",
		"yield_per_ratio": "0.15",
		"avgyield_per_ratio": "0.27",
		"h_souce": "0.39",
		"per": "36.44",
		"yield": "5.61",
		"avgyield": "5.66",
		"eps_hist_last_diff": 0,
		"dividend": "0.60",
		"divs_per_year": "4",
		"dividend_total_year": "2.40",
		"eps": "1.17",
		"shares": "19.76",
		"mktcap": "845.53",
		"roe": "7.27",
		"operating_margin": "4.70",
		"operating_margin_prev": "-1.60",
		"operating_margin_avg": "1.55",
		"key_period": "2017-09-30",
		"key_period_prev": "2016-12-31a",
		"employees": "74.5",
		"eps_hist": [["2017-11-17", "1.17"]],
		"yield_hist": [["2017-12-29", "5.71"], ["2018-01-31", "5.61"]],
		"yield_hist_last_diff": "-2",
		"per_hist": [["2017-12-29", "35.80"], ["2018-01-31", "36.44"]],
		"per_hist_last_diff": "2",
		"operating_margin_hist": [["2017-12-29", "4.70"], ["2018-01-31", "4.70"]],
		"operating_margin_hist_last_diff": "0",
		"operating_margin_prev_hist": [["2017-12-29", "-1.60"], ["2018-01-31", "-1.60"]],
		"operating_margin_prev_hist_last_diff": "0",
		"shares_hist": [["2017-12-29", "19.76"], ["2018-01-31", "19.76"]],
		"shares_hist_last_diff": "0",
		"employees_hist": [["2017-12-29", "74.5"], ["2018-01-31", "74.5"]],
		"employees_hist_last_diff": "0",
		"avgyield_per_ratio_original": "0.15",
		"leverage_industry_ratio": "1.10",
		"avg_revenue_growth_5y": "-13.55",
		"revenue_growth_qq_last_year": "26.50",
		"avg_revenue_growth_5y_hist": [["2017-12-30", "-13.55"], ["2018-02-01", "-13.55"]],
		"avg_revenue_growth_5y_hist_last_diff": "0",
		"inst_own": 2,
		"inst_own_hist": [["2017-12-29", 2], ["2018-01-31", 2]],
		"inst_own_hist_last_diff": "0",
		"avgvalue": "42.41",
		"avgper": "36.12",
		"avgoperating_margin": "4.70",
		"avgoperating_margin_prev": "-1.60",
		"avgshares": "19.76",
		"avgemployees": "74.50",
		"avginst_own": "2.00",
		"avgrevenue": "186.61",
		"avgleverage": "2.76",
		"avgprice_to_sales": "0.62",
		"avgavg_revenue_growth_5y": "-13.55",
		"revenue_growth_qq_last_year_hist": [["2018-02-01", "26.50"]],
		"revenue_growth_qq_last_year_hist_last_diff": 0,
		"heat_opportunity": "0.01",
		"eps_opportunity": "0.00",
		"eps_trend": "0.00",
		"high_yld_low_volatility_bonus": "0.05",
		"revenue_growth_bonus": "0.05"
	},
	"HSBC:NYSE": {
		"revenue": "59.84",
		"price_to_book": "1.13",
		"price_to_sales": "3.59",
		"leverage": "13.23",
		"leverage_industry": "11.49",
		"revenue_hist": [["2017-12-30", "59.84"], ["2018-02-01", "59.84"]],
		"revenue_hist_last_diff": "0",
		"leverage_hist": [["2017-12-30", "13.23"], ["2018-02-01", "13.23"]],
		"leverage_hist_last_diff": "0",
		"price_to_sales_hist": [["2017-12-30", "3.43"], ["2018-02-01", "3.59"]],
		"price_to_sales_hist_last_diff": "5",
		"name": "HSBC",
		"market": "NYSE",
		"date": "31 22:30",
		"value": "53.91",
		"value_hist": [["2017-12-29", "51.64"], ["2018-01-31", "53.91"]],
		"value_hist_last_diff": "4",
		"session_change": "-0.29",
		"session_change_percentage": "-0.54",
		"title": "HSBC Holdings plc (ADR)",
		"range_52week": "39.63 - 55.89",
		"range_52week_high": "55.89",
		"range_52week_low": "39.63",
		"range_52week_heat": "0.88",
		"range_52week_volatility": "0.41",
		"beta": "0.93",
		"yield_per_ratio": "0.12",
		"avgyield_per_ratio": "0.39",
		"h_souce": "0.45",
		"per": "39.22",
		"yield": "4.73",
		"avgyield": "4.84",
		"eps_hist_last_diff": 0,
		"dividend": "0.50",
		"divs_per_year": "5",
		"dividend_total_year": "2.50",
		"eps": "1.37",
		"shares": "20.02",
		"mktcap": "1079.28",
		"roe": "6.62",
		"operating_margin": "27.23",
		"operating_margin_prev": "10.16",
		"operating_margin_avg": "18.70",
		"key_period": "2017-09-30",
		"key_period_prev": "2016-12-31a",
		"employees": "232.3",
		"eps_hist": [["2017-11-17", "1.37"]],
		"yield_hist": [["2017-12-29", "4.94"], ["2018-01-31", "4.73"]],
		"yield_hist_last_diff": "-4",
		"per_hist": [["2017-12-29", "37.57"], ["2018-01-31", "39.22"]],
		"per_hist_last_diff": "4",
		"operating_margin_hist": [["2017-12-29", "27.23"], ["2018-01-31", "27.23"]],
		"operating_margin_hist_last_diff": "0",
		"operating_margin_prev_hist": [["2017-12-29", "10.16"], ["2018-01-31", "10.16"]],
		"operating_margin_prev_hist_last_diff": "0",
		"shares_hist": [["2017-12-29", "20.02"], ["2018-01-31", "20.02"]],
		"shares_hist_last_diff": "0",
		"employees_hist": [["2017-12-29", "232.3"], ["2018-01-31", "232.3"]],
		"employees_hist_last_diff": "0",
		"avgyield_per_ratio_original": "0.12",
		"leverage_industry_ratio": "1.15",
		"avg_revenue_growth_5y": "-6.44",
		"revenue_growth_qq_last_year": "22.60",
		"avg_revenue_growth_5y_hist": [["2017-12-30", "-6.44"], ["2018-02-01", "-6.44"]],
		"avg_revenue_growth_5y_hist_last_diff": "0",
		"inst_own": 0,
		"inst_own_hist": [["2017-12-29", 0], ["2018-01-31", 0]],
		"inst_own_hist_last_diff": "0",
		"avgvalue": "52.78",
		"avgper": "38.40",
		"avgoperating_margin": "27.23",
		"avgoperating_margin_prev": "10.16",
		"avgshares": "20.02",
		"avgemployees": "232.30",
		"avginst_own": "0.00",
		"avgrevenue": "59.84",
		"avgleverage": "13.23",
		"avgprice_to_sales": "3.51",
		"avgavg_revenue_growth_5y": "-6.44",
		"revenue_growth_qq_last_year_hist": [["2018-02-01", "22.60"]],
		"revenue_growth_qq_last_year_hist_last_diff": 0,
		"heat_opportunity": "0.01",
		"eps_opportunity": "0.00",
		"eps_trend": "0.00",
		"high_yld_low_volatility_bonus": "0.00",
		"revenue_growth_bonus": "0.05"
	},
	"ZURVY:OTCMKTS": {
		"revenue": "67.24",
		"price_to_book": "-",
		"price_to_sales": 99,
		"leverage": "13.19",
		"leverage_industry": 0,
		"revenue_hist": [["2017-12-30", "67.24"], ["2018-02-01", "67.24"]],
		"revenue_hist_last_diff": "0",
		"leverage_hist": [["2017-12-30", "13.19"], ["2018-02-01", "13.19"]],
		"leverage_hist_last_diff": "0",
		"price_to_sales_hist": [["2017-12-30", 99], ["2018-02-01", 99]],
		"price_to_sales_hist_last_diff": "0",
		"name": "ZURVY",
		"market": "OTCMKTS",
		"date": "31 22:37",
		"value": "32.88",
		"value_hist": [["2017-12-29", "30.41"], ["2018-01-31", "32.88"]],
		"value_hist_last_diff": "8",
		"session_change": "-0.18",
		"session_change_percentage": "-0.54",
		"title": "Zurich Insurance Group AG (ADR",
		"range_52week": "26.01 - 33.90",
		"range_52week_high": "33.90",
		"range_52week_low": "26.01",
		"range_52week_heat": "0.87",
		"range_52week_volatility": "0.30",
		"beta": "1.13",
		"yield_per_ratio": "0.32",
		"avgyield_per_ratio": "0.14",
		"h_souce": "0.20",
		"per": "15.96",
		"yield": "5.15",
		"avgyield": "5.36",
		"eps_hist_last_diff": 0,
		"dividend": "1.13",
		"divs_per_year": "1",
		"dividend_total_year": "1.13",
		"eps": "2.06",
		"shares": "0.15",
		"mktcap": "4.93",
		"roe": "9.77",
		"operating_margin": "9.18",
		"operating_margin_prev": "8.72",
		"operating_margin_avg": "8.95",
		"key_period": "2017-06-30",
		"key_period_prev": "2016-12-31a",
		"employees": "52.5",
		"eps_hist": [["2017-11-17", "2.06"]],
		"yield_hist": [["2017-12-29", "5.57"], ["2018-01-31", "5.15"]],
		"yield_hist_last_diff": "-8",
		"per_hist": [["2017-12-29", "14.76"], ["2018-01-31", "15.96"]],
		"per_hist_last_diff": "8",
		"operating_margin_hist": [["2017-12-29", "9.18"], ["2018-01-31", "9.18"]],
		"operating_margin_hist_last_diff": "0",
		"operating_margin_prev_hist": [["2017-12-29", "8.72"], ["2018-01-31", "8.72"]],
		"operating_margin_prev_hist_last_diff": "0",
		"shares_hist": [["2017-12-29", "0.15"], ["2018-01-31", "0.15"]],
		"shares_hist_last_diff": "0",
		"employees_hist": [["2017-12-29", "52.5"], ["2018-01-31", "52.5"]],
		"employees_hist_last_diff": "0",
		"avgyield_per_ratio_original": "0.32",
		"leverage_industry_ratio": "1.32",
		"avg_revenue_growth_5y": "4.88",
		"revenue_growth_qq_last_year": "-19.30",
		"avg_revenue_growth_5y_hist": [["2017-12-30", "4.88"], ["2018-02-01", "4.88"]],
		"avg_revenue_growth_5y_hist_last_diff": "0",
		"inst_own": 4,
		"inst_own_hist": [["2017-12-29", 4], ["2018-01-31", 4]],
		"inst_own_hist_last_diff": "0",
		"avgvalue": "31.65",
		"avgper": "15.36",
		"avgoperating_margin": "9.18",
		"avgoperating_margin_prev": "8.72",
		"avgshares": "0.15",
		"avgemployees": "52.50",
		"avginst_own": "4.00",
		"avgrevenue": "67.24",
		"avgleverage": "13.19",
		"avgprice_to_sales": "99.00",
		"avgavg_revenue_growth_5y": "4.88",
		"heat_opportunity": "0.01",
		"eps_opportunity": "0.00",
		"eps_trend": "0.00",
		"high_yld_low_volatility_bonus": "0.05",
		"revenue_growth_bonus": "0.00",
		"revenue_growth_qq_last_year_hist": [["2018-02-01", "-19.30"]],
		"revenue_growth_qq_last_year_hist_last_diff": 0
	},
	"RHHBY:OTCMKTS": {
		"name": "RHHBY",
		"market": "OTCMKTS",
		"date": "31 23:30",
		"value": "31.00",
		"value_hist": [["2017-12-29", "31.58"], ["2018-01-31", "31.00"]],
		"value_hist_last_diff": "-2",
		"session_change": "-0.01",
		"session_change_percentage": "-0.03",
		"title": "Roche Holding Ltd. (ADR)",
		"range_52week": "28.48 - 36.82",
		"range_52week_high": "36.82",
		"range_52week_low": "28.48",
		"range_52week_heat": "0.30",
		"range_52week_volatility": "0.29",
		"beta": "0.67",
		"yield_per_ratio": "0.16",
		"avgyield_per_ratio": "0.12",
		"h_souce": "0.24",
		"per": "20.58",
		"yield": "3.31",
		"avgyield": "3.28",
		"eps_hist_last_diff": "5",
		"operating_margin": "29.54",
		"operating_margin_prev": "27.80",
		"operating_margin_avg": "28.67",
		"price_to_sales": 99,
		"leverage": "3.15",
		"inst_own": 15,
		"dividend": "1.03",
		"divs_per_year": "1",
		"dividend_total_year": "1.03",
		"eps": "1.51",
		"shares": "0.69",
		"mktcap": "21.39",
		"roe": "46.76",
		"key_period": "2017-06-30",
		"key_period_prev": "2016-12-31a",
		"employees": "94.1",
		"eps_hist": [["2017-12-29", "1.44"], ["2018-01-31", "1.51"]],
		"yield_hist": [["2017-12-29", "3.25"], ["2018-01-31", "3.31"]],
		"yield_hist_last_diff": "2",
		"per_hist": [["2017-12-29", "21.96"], ["2018-01-31", "20.58"]],
		"per_hist_last_diff": "-6",
		"operating_margin_hist": [["2017-12-29", "29.54"], ["2018-01-31", "29.54"]],
		"operating_margin_hist_last_diff": "0",
		"operating_margin_prev_hist": [["2017-12-29", "27.80"], ["2018-01-31", "27.80"]],
		"operating_margin_prev_hist_last_diff": "0",
		"shares_hist": [["2017-12-29", "0.69"], ["2018-01-31", "0.69"]],
		"shares_hist_last_diff": "0",
		"employees_hist": [["2017-12-29", "94.1"], ["2018-01-31", "94.1"]],
		"employees_hist_last_diff": "0",
		"avgyield_per_ratio_original": "0.16",
		"leverage_industry_ratio": "39.60",
		"revenue": "54.27",
		"price_to_book": "-",
		"avg_revenue_growth_5y": "3.53",
		"revenue_growth_qq_last_year": 0,
		"leverage_industry": 0,
		"revenue_hist": [["2017-12-30", "51.91"], ["2018-02-01", "54.27"]],
		"revenue_hist_last_diff": "5",
		"leverage_hist": [["2017-12-30", "3.15"], ["2018-02-01", "3.15"]],
		"leverage_hist_last_diff": "0",
		"price_to_sales_hist": [["2017-12-30", 99], ["2018-02-01", 99]],
		"price_to_sales_hist_last_diff": "0",
		"avg_revenue_growth_5y_hist": [["2017-12-30", "3.53"], ["2018-02-01", "3.53"]],
		"avg_revenue_growth_5y_hist_last_diff": "0",
		"inst_own_hist": [["2017-12-29", 15], ["2018-01-31", 15]],
		"inst_own_hist_last_diff": "0",
		"avgvalue": "31.29",
		"avgper": "21.27",
		"avgoperating_margin": "29.54",
		"avgoperating_margin_prev": "27.80",
		"avgshares": "0.69",
		"avgemployees": "94.10",
		"avginst_own": "15.00",
		"avgrevenue": "53.09",
		"avgleverage": "3.15",
		"avgprice_to_sales": "99.00",
		"avgavg_revenue_growth_5y": "3.53",
		"heat_opportunity": "0.05",
		"eps_opportunity": "0.03",
		"high_yld_low_volatility_bonus": "0.05",
		"revenue_growth_bonus": "0.00",
		"eps_trend": "0.00",
		"revenue_growth_qq_last_year_hist": [["2018-02-01", 0]],
		"revenue_growth_qq_last_year_hist_last_diff": 0
	},
	"TEAM:NASDAQ": {
		"name": "TEAM",
		"market": "NASDAQ",
		"date": "31 23:53",
		"value": "53.99",
		"value_hist": [["2017-12-29", "45.52"], ["2018-01-31", "53.99"]],
		"value_hist_last_diff": "19",
		"session_change": "+0.60",
		"session_change_percentage": "1.12",
		"title": "Atlassian Corporation PLC",
		"range_52week": "27.07 - 55.91",
		"range_52week_high": "55.91",
		"range_52week_low": "27.07",
		"range_52week_heat": "0.93",
		"range_52week_volatility": "1.07",
		"beta": "-",
		"yield_per_ratio": "0",
		"avgyield_per_ratio": "0.27",
		"h_souce": "0.30",
		"per": 999,
		"yield": 0,
		"avgyield": "0.00",
		"eps_hist_last_diff": "-54",
		"dividend": "",
		"divs_per_year": "0",
		"dividend_total_year": "0",
		"eps": "-0.51",
		"shares": "0.09",
		"mktcap": "4.86",
		"roe": "-29.19",
		"operating_margin": "-7.18",
		"operating_margin_prev": "-10.18",
		"operating_margin_avg": "-8.68",
		"key_period": "2017-12-31",
		"key_period_prev": "2017-12-31a",
		"employees": "2.2",
		"inst_own": 89,
		"eps_hist": [["2017-11-28", "-0.24"], ["2018-01-21", "-0.51"]],
		"yield_hist": [["2017-12-29", 0], ["2018-01-31", 0]],
		"yield_hist_last_diff": "0",
		"per_hist": [["2017-12-29", 999], ["2018-01-31", 999]],
		"per_hist_last_diff": "0",
		"operating_margin_hist": [["2017-12-29", "-11.52"], ["2018-01-31", "-7.18"]],
		"operating_margin_hist_last_diff": "38",
		"operating_margin_prev_hist": [["2017-12-29", "-10.18"], ["2018-01-31", "-10.18"]],
		"operating_margin_prev_hist_last_diff": "0",
		"shares_hist": [["2017-12-29", "0.23"], ["2018-01-31", "0.09"]],
		"shares_hist_last_diff": "-61",
		"employees_hist": [["2017-12-29", "2.2"], ["2018-01-31", "2.2"]],
		"employees_hist_last_diff": "0",
		"inst_own_hist": [["2017-12-29", 36], ["2018-01-31", 89]],
		"inst_own_hist_last_diff": "147",
		"avgyield_per_ratio_original": "0.02",
		"leverage_industry_ratio": "0.60",
		"revenue": "0.62",
		"price_to_book": "14.22",
		"price_to_sales": "16.34",
		"avg_revenue_growth_5y": 0,
		"revenue_growth_qq_last_year": "42.80",
		"leverage": "1.51",
		"leverage_industry": "1.83",
		"revenue_hist": [["2017-12-30", "0.62"], ["2018-01-31", "0.62"]],
		"revenue_hist_last_diff": "0",
		"leverage_hist": [["2017-12-30", "1.45"], ["2018-01-31", "1.51"]],
		"leverage_hist_last_diff": "4",
		"price_to_sales_hist": [["2017-12-30", "15.27"], ["2018-01-31", "16.34"]],
		"price_to_sales_hist_last_diff": "7",
		"avg_revenue_growth_5y_hist": [["2017-12-30", 0], ["2018-01-31", 0]],
		"avg_revenue_growth_5y_hist_last_diff": "0",
		"avgvalue": "49.76",
		"avgper": "999.00",
		"avgoperating_margin": "-9.35",
		"avgoperating_margin_prev": "-10.18",
		"avgshares": "0.16",
		"avgemployees": "2.20",
		"avginst_own": "62.50",
		"avgrevenue": "0.62",
		"avgleverage": "1.48",
		"avgprice_to_sales": "15.81",
		"avgavg_revenue_growth_5y": "0.00",
		"eps_hist_last_down": "-54",
		"heat_opportunity": "0.01",
		"eps_opportunity": "-0.03",
		"high_yld_low_volatility_bonus": "0.00",
		"revenue_growth_bonus": "0.05",
		"eps_trend": "0.00",
		"revenue_growth_qq_last_year_hist": [["2018-01-31", "42.80"]],
		"revenue_growth_qq_last_year_hist_last_diff": 0
	},
	"IRBT:NASDAQ": {
		"name": "IRBT",
		"market": "NASDAQ",
		"date": "01 08:02",
		"value": "88.75",
		"value_hist": [["2017-12-29", "76.70"], ["2018-02-01", "88.75"]],
		"value_hist_last_diff": "16",
		"session_change": "+0.14",
		"session_change_percentage": "0.16",
		"title": "iRobot Corporation",
		"range_52week": "52.12 - 109.78",
		"range_52week_high": "109.78",
		"range_52week_low": "52.12",
		"range_52week_heat": "0.64",
		"range_52week_volatility": "1.11",
		"beta": "0.99",
		"yield_per_ratio": "0",
		"avgyield_per_ratio": "0.43",
		"h_souce": "0.52",
		"per": "42.13",
		"yield": 0,
		"avgyield": "0.00",
		"eps_hist_last_diff": 0,
		"dividend": "",
		"divs_per_year": "0",
		"dividend_total_year": "0",
		"eps": "2.11",
		"shares": "0.03",
		"mktcap": "2.66",
		"roe": "20.08",
		"operating_margin": "12.70",
		"operating_margin_prev": "8.71",
		"operating_margin_avg": "10.71",
		"key_period": "2017-09-30",
		"key_period_prev": "2016-12-31a",
		"employees": "0.8",
		"inst_own": 83,
		"eps_hist": [["2017-11-28", "2.11"]],
		"yield_hist": [["2017-12-29", 0], ["2018-02-01", 0]],
		"yield_hist_last_diff": "0",
		"per_hist": [["2017-12-29", "36.41"], ["2018-02-01", "42.13"]],
		"per_hist_last_diff": "16",
		"operating_margin_hist": [["2017-12-29", "12.70"], ["2018-02-01", "12.70"]],
		"operating_margin_hist_last_diff": "0",
		"operating_margin_prev_hist": [["2017-12-29", "8.71"], ["2018-02-01", "8.71"]],
		"operating_margin_prev_hist_last_diff": "0",
		"shares_hist": [["2017-12-29", "0.03"], ["2018-02-01", "0.03"]],
		"shares_hist_last_diff": "0",
		"employees_hist": [["2017-12-29", "0.8"], ["2018-02-01", "0.8"]],
		"employees_hist_last_diff": "0",
		"inst_own_hist": [["2017-12-29", 83], ["2018-02-01", 83]],
		"inst_own_hist_last_diff": "0",
		"avgyield_per_ratio_original": "0.04",
		"leverage_industry_ratio": "0.47",
		"revenue": "0.66",
		"price_to_book": "5.41",
		"price_to_sales": "3.28",
		"avg_revenue_growth_5y": "7.25",
		"revenue_growth_qq_last_year": "21.80",
		"leverage": "1.34",
		"leverage_industry": "2.84",
		"revenue_hist": [["2017-12-30", "0.66"], ["2018-01-31", "0.66"]],
		"revenue_hist_last_diff": "0",
		"leverage_hist": [["2017-12-30", "1.34"], ["2018-01-31", "1.34"]],
		"leverage_hist_last_diff": "0",
		"price_to_sales_hist": [["2017-12-30", "2.93"], ["2018-01-31", "3.28"]],
		"price_to_sales_hist_last_diff": "12",
		"avg_revenue_growth_5y_hist": [["2017-12-30", "7.25"], ["2018-01-31", "7.25"]],
		"avg_revenue_growth_5y_hist_last_diff": "0",
		"avgvalue": "82.73",
		"avgper": "39.27",
		"avgoperating_margin": "12.70",
		"avgoperating_margin_prev": "8.71",
		"avgshares": "0.03",
		"avgemployees": "0.80",
		"avginst_own": "83.00",
		"avgrevenue": "0.66",
		"avgleverage": "1.34",
		"avgprice_to_sales": "3.11",
		"avgavg_revenue_growth_5y": "7.25",
		"heat_opportunity": "0.05",
		"eps_opportunity": "0.00",
		"high_yld_low_volatility_bonus": "0.00",
		"revenue_growth_bonus": "0.05",
		"eps_trend": "0.00",
		"revenue_growth_qq_last_year_hist": [["2018-01-31", "21.80"]],
		"revenue_growth_qq_last_year_hist_last_diff": 0
	},
	"O:NYSE": {
		"name": "O",
		"market": "NYSE",
		"date": "31 22:23",
		"value": "53.19",
		"value_hist": [["2017-12-29", "57.02"], ["2018-01-31", "53.19"]],
		"value_hist_last_diff": "-7",
		"session_change": "+0.95",
		"session_change_percentage": "1.82",
		"title": "Realty Income Corp",
		"range_52week": "52.21 - 63.60",
		"range_52week_high": "63.60",
		"range_52week_low": "52.21",
		"range_52week_heat": "0.09",
		"range_52week_volatility": "0.22",
		"beta": "0.29",
		"yield_per_ratio": "0.11",
		"avgyield_per_ratio": "0.49",
		"h_souce": "0.60",
		"per": "43.68",
		"yield": "4.94",
		"avgyield": "4.71",
		"eps_hist_last_diff": 0,
		"dividend": "0.22",
		"divs_per_year": "12",
		"dividend_total_year": "2.64",
		"eps": "1.22",
		"shares": "0.28",
		"mktcap": "14.89",
		"roe": "4.91",
		"operating_margin": "27.66",
		"operating_margin_prev": "26.99",
		"operating_margin_avg": "27.33",
		"key_period": "2017-09-30",
		"key_period_prev": "2016-12-31a",
		"employees": "0.2",
		"inst_own": 73,
		"eps_hist": [["2017-11-28", "1.22"]],
		"yield_hist": [["2017-12-29", "4.47"], ["2018-01-31", "4.94"]],
		"yield_hist_last_diff": "11",
		"per_hist": [["2017-12-29", "46.82"], ["2018-01-31", "43.68"]],
		"per_hist_last_diff": "-7",
		"operating_margin_hist": [["2017-12-29", "27.66"], ["2018-01-31", "27.66"]],
		"operating_margin_hist_last_diff": "0",
		"operating_margin_prev_hist": [["2017-12-29", "26.99"], ["2018-01-31", "26.99"]],
		"operating_margin_prev_hist_last_diff": "0",
		"shares_hist": [["2017-12-29", "0.28"], ["2018-01-31", "0.28"]],
		"shares_hist_last_diff": "0",
		"employees_hist": [["2017-12-29", "0.2"], ["2018-01-31", "0.2"]],
		"employees_hist_last_diff": "0",
		"inst_own_hist": [["2017-12-29", 72], ["2018-01-31", 73]],
		"inst_own_hist_last_diff": "1",
		"avgyield_per_ratio_original": "0.11",
		"leverage_industry_ratio": "0.47",
		"revenue": "1.10",
		"price_to_book": "2.04",
		"price_to_sales": "11.95",
		"avg_revenue_growth_5y": "21.24",
		"revenue_growth_qq_last_year": "10.70",
		"leverage": "1.86",
		"leverage_industry": "3.95",
		"revenue_hist": [["2017-12-30", "1.10"], ["2018-02-01", "1.10"]],
		"revenue_hist_last_diff": "0",
		"leverage_hist": [["2017-12-30", "1.86"], ["2018-02-01", "1.86"]],
		"leverage_hist_last_diff": "0",
		"price_to_sales_hist": [["2017-12-30", "12.84"], ["2018-02-01", "11.95"]],
		"price_to_sales_hist_last_diff": "-7",
		"avg_revenue_growth_5y_hist": [["2017-12-30", "21.24"], ["2018-02-01", "21.24"]],
		"avg_revenue_growth_5y_hist_last_diff": "0",
		"avgvalue": "55.11",
		"avgper": "45.25",
		"avgoperating_margin": "27.66",
		"avgoperating_margin_prev": "26.99",
		"avgshares": "0.28",
		"avgemployees": "0.20",
		"avginst_own": "72.50",
		"avgrevenue": "1.10",
		"avgleverage": "1.86",
		"avgprice_to_sales": "12.40",
		"avgavg_revenue_growth_5y": "21.24",
		"heat_opportunity": "0.06",
		"eps_opportunity": "0.00",
		"high_yld_low_volatility_bonus": "0.05",
		"revenue_growth_bonus": "0.00",
		"eps_trend": "0.00",
		"revenue_growth_qq_last_year_hist": [["2018-02-01", "10.70"]],
		"revenue_growth_qq_last_year_hist_last_diff": 0
	},
	"NVDA:NASDAQ": {
		"name": "NVDA",
		"market": "NASDAQ",
		"date": "31 23:41",
		"value": "245.80",
		"value_hist": [["2017-12-29", "193.50"], ["2018-01-31", "245.80"]],
		"value_hist_last_diff": "27",
		"session_change": "+3.08",
		"session_change_percentage": "1.27",
		"title": "NVIDIA Corporation",
		"range_52week": "95.17 - 249.27",
		"range_52week_high": "249.27",
		"range_52week_low": "95.17",
		"range_52week_heat": "0.98",
		"range_52week_volatility": "1.62",
		"beta": "1.18",
		"yield_per_ratio": "0.00",
		"avgyield_per_ratio": "0.45",
		"h_souce": "0.50",
		"per": "61.50",
		"yield": "0.24",
		"avgyield": "0.28",
		"eps_hist_last_diff": 0,
		"dividend": "0.15",
		"divs_per_year": "4",
		"dividend_total_year": "0.60",
		"eps": "4.00",
		"shares": "0.61",
		"mktcap": "149.94",
		"roe": "54.54",
		"operating_margin": "33.95",
		"operating_margin_prev": "27.99",
		"operating_margin_avg": "30.97",
		"key_period": "2017-oct",
		"key_period_prev": "2017-12-31a",
		"employees": "10.3",
		"inst_own": 66,
		"eps_hist": [["2017-11-29", "4.00"]],
		"yield_hist": [["2017-12-29", "0.31"], ["2018-01-31", "0.24"]],
		"yield_hist_last_diff": "-23",
		"per_hist": [["2017-12-29", "48.41"], ["2018-01-31", "61.50"]],
		"per_hist_last_diff": "27",
		"operating_margin_hist": [["2017-12-29", "33.95"], ["2018-01-31", "33.95"]],
		"operating_margin_hist_last_diff": "0",
		"operating_margin_prev_hist": [["2017-12-29", "27.99"], ["2018-01-31", "27.99"]],
		"operating_margin_prev_hist_last_diff": "0",
		"shares_hist": [["2017-12-29", "0.61"], ["2018-01-31", "0.61"]],
		"shares_hist_last_diff": "0",
		"employees_hist": [["2017-12-29", "10.3"], ["2018-01-31", "10.3"]],
		"employees_hist_last_diff": "0",
		"inst_own_hist": [["2017-12-29", 66], ["2018-01-31", 66]],
		"inst_own_hist_last_diff": "0",
		"avgyield_per_ratio_original": "0.02",
		"leverage_industry_ratio": "0.62",
		"revenue": "6.91",
		"price_to_book": "23.47",
		"price_to_sales": "17.70",
		"avg_revenue_growth_5y": "11.57",
		"revenue_growth_qq_last_year": "31.50",
		"leverage": "1.55",
		"leverage_industry": "1.72",
		"revenue_hist": [["2017-12-30", "6.91"], ["2018-02-01", "6.91"]],
		"revenue_hist_last_diff": "0",
		"leverage_hist": [["2017-12-30", "1.55"], ["2018-02-01", "1.55"]],
		"leverage_hist_last_diff": "0",
		"price_to_sales_hist": [["2017-12-30", "13.95"], ["2018-02-01", "17.70"]],
		"price_to_sales_hist_last_diff": "27",
		"avg_revenue_growth_5y_hist": [["2017-12-30", "11.57"], ["2018-02-01", "11.57"]],
		"avg_revenue_growth_5y_hist_last_diff": "0",
		"avgvalue": "219.65",
		"avgper": "54.96",
		"avgoperating_margin": "33.95",
		"avgoperating_margin_prev": "27.99",
		"avgshares": "0.61",
		"avgemployees": "10.30",
		"avginst_own": "66.00",
		"avgrevenue": "6.91",
		"avgleverage": "1.55",
		"avgprice_to_sales": "15.83",
		"avgavg_revenue_growth_5y": "11.57",
		"heat_opportunity": "0.00",
		"eps_opportunity": "0.00",
		"high_yld_low_volatility_bonus": "0.00",
		"revenue_growth_bonus": "0.05",
		"eps_trend": "0.00",
		"revenue_growth_qq_last_year_hist": [["2018-02-01", "31.50"]],
		"revenue_growth_qq_last_year_hist_last_diff": 0
	},
	"EL:NYSE": {
		"name": "EL",
		"market": "NYSE",
		"date": "31 23:49",
		"value": "134.96",
		"value_hist": [["2018-01-31", "134.96"]],
		"value_hist_last_diff": 0,
		"session_change": "-1.67",
		"session_change_percentage": "-1.22",
		"title": "Estee Lauder Companies",
		"range_52week": "79.35 - 138.20",
		"range_52week_high": "138.20",
		"range_52week_low": "79.35",
		"range_52week_heat": "0.94",
		"range_52week_volatility": "0.74",
		"beta": "0.71",
		"yield_per_ratio": "0.03",
		"avgyield_per_ratio": "0.33",
		"h_souce": "0.39",
		"per": "36.49",
		"yield": "1.13",
		"avgyield": "1.13",
		"eps_hist_last_diff": 0,
		"dividend": "0.38",
		"divs_per_year": "4",
		"dividend_total_year": "1.52",
		"eps": "3.70",
		"shares": "0.23",
		"mktcap": "31.04",
		"roe": "37.58",
		"operating_margin": "17.35",
		"operating_margin_prev": "14.31",
		"operating_margin_avg": "15.83",
		"key_period": "2017-09-30",
		"key_period_prev": "2017-12-31a",
		"employees": "46.0",
		"inst_own": 91,
		"eps_hist": [["2018-01-05", "3.70"]],
		"yield_hist": [["2018-01-31", "1.13"]],
		"yield_hist_last_diff": 0,
		"per_hist": [["2018-01-31", "36.49"]],
		"per_hist_last_diff": 0,
		"operating_margin_hist": [["2018-01-31", "17.35"]],
		"operating_margin_hist_last_diff": 0,
		"operating_margin_prev_hist": [["2018-01-31", "14.31"]],
		"operating_margin_prev_hist_last_diff": 0,
		"shares_hist": [["2018-01-31", "0.23"]],
		"shares_hist_last_diff": 0,
		"employees_hist": [["2018-01-31", "46.0"]],
		"employees_hist_last_diff": 0,
		"inst_own_hist": [["2018-01-31", 91]],
		"inst_own_hist_last_diff": 0,
		"avgyield_per_ratio_original": "0.04",
		"leverage_industry_ratio": "1.03",
		"revenue": "11.82",
		"price_to_book": "10.64",
		"price_to_sales": "4.17",
		"avg_revenue_growth_5y": "4.01",
		"revenue_growth_qq_last_year": "14.30",
		"leverage": "2.58",
		"leverage_industry": "2.42",
		"revenue_hist": [["2018-01-31", "11.82"]],
		"revenue_hist_last_diff": 0,
		"leverage_hist": [["2018-01-31", "2.58"]],
		"leverage_hist_last_diff": 0,
		"price_to_sales_hist": [["2018-01-31", "4.17"]],
		"price_to_sales_hist_last_diff": 0,
		"avg_revenue_growth_5y_hist": [["2018-01-31", "4.01"]],
		"avg_revenue_growth_5y_hist_last_diff": 0,
		"heat_opportunity": "0.01",
		"eps_opportunity": "0.00",
		"high_yld_low_volatility_bonus": "0.00",
		"revenue_growth_bonus": "0.05",
		"eps_trend": "0.00",
		"revenue_growth_qq_last_year_hist": [["2018-01-31", "14.30"]],
		"revenue_growth_qq_last_year_hist_last_diff": 0
	},
	"SUPN:NASDAQ": {
		"name": "SUPN",
		"market": "NASDAQ",
		"date": "31 23:30",
		"value": "39.05",
		"value_hist": [["2018-01-31", "39.05"]],
		"value_hist_last_diff": 0,
		"session_change": "-1.20",
		"session_change_percentage": "-2.98",
		"title": "Supernus Pharmaceuticals",
		"range_52week": "24.05 - 50.04",
		"range_52week_high": "50.04",
		"range_52week_low": "24.05",
		"range_52week_heat": "0.58",
		"range_52week_volatility": "1.08",
		"beta": "1.17",
		"yield_per_ratio": "0",
		"avgyield_per_ratio": "0.26",
		"h_souce": "0.32",
		"per": "35.58",
		"yield": 0,
		"avgyield": 0,
		"eps_hist_last_diff": 0,
		"dividend": "",
		"divs_per_year": "0",
		"dividend_total_year": "0",
		"eps": "1.10",
		"shares": "0.05",
		"mktcap": "1.95",
		"roe": "26.62",
		"operating_margin": "27.68",
		"operating_margin_prev": "24.90",
		"operating_margin_avg": "26.29",
		"key_period": "2017-09-30",
		"key_period_prev": "2016-12-31a",
		"employees": "0.4",
		"inst_own": 103,
		"eps_hist": [["2018-01-06", "1.10"]],
		"yield_hist": [["2018-01-31", 0]],
		"yield_hist_last_diff": 0,
		"per_hist": [["2018-01-31", "35.58"]],
		"per_hist_last_diff": 0,
		"operating_margin_hist": [["2018-01-31", "27.68"]],
		"operating_margin_hist_last_diff": 0,
		"operating_margin_prev_hist": [["2018-01-31", "24.90"]],
		"operating_margin_prev_hist_last_diff": 0,
		"shares_hist": [["2018-01-31", "0.05"]],
		"shares_hist_last_diff": 0,
		"employees_hist": [["2018-01-31", "0.4"]],
		"employees_hist_last_diff": 0,
		"inst_own_hist": [["2018-01-31", 103]],
		"inst_own_hist_last_diff": 0,
		"avgyield_per_ratio_original": "0.04",
		"leverage_industry_ratio": "39.60",
		"revenue": "0.22",
		"price_to_book": "7.96",
		"price_to_sales": "7.49",
		"avg_revenue_growth_5y": "205.88",
		"revenue_growth_qq_last_year": "41.50",
		"leverage": "1.53",
		"leverage_industry": "2.13",
		"revenue_hist": [["2018-02-01", "0.22"]],
		"revenue_hist_last_diff": 0,
		"leverage_hist": [["2018-02-01", "1.53"]],
		"leverage_hist_last_diff": 0,
		"price_to_sales_hist": [["2018-02-01", "7.49"]],
		"price_to_sales_hist_last_diff": 0,
		"avg_revenue_growth_5y_hist": [["2018-02-01", "205.88"]],
		"avg_revenue_growth_5y_hist_last_diff": 0,
		"heat_opportunity": "0.05",
		"eps_opportunity": "0.00",
		"high_yld_low_volatility_bonus": "0.00",
		"revenue_growth_bonus": "0.00",
		"eps_trend": "0.00",
		"revenue_growth_qq_last_year_hist": [["2018-02-01", "41.50"]],
		"revenue_growth_qq_last_year_hist_last_diff": 0
	},
	"REGN:NASDAQ": {
		"name": "REGN",
		"market": "NASDAQ",
		"date": "31 23:30",
		"value": "366.65",
		"value_hist": [["2018-01-31", "366.65"]],
		"value_hist_last_diff": 0,
		"session_change": "-13.12",
		"session_change_percentage": "-3.45",
		"title": "Regeneron Pharmaceuticals",
		"range_52week": "343.50 - 543.55",
		"range_52week_high": "543.55",
		"range_52week_low": "343.50",
		"range_52week_heat": "0.12",
		"range_52week_volatility": "0.58",
		"beta": "1.52",
		"yield_per_ratio": "0",
		"avgyield_per_ratio": "0.26",
		"h_souce": "0.34",
		"per": "33.31",
		"yield": 0,
		"avgyield": 0,
		"eps_hist_last_diff": 0,
		"dividend": "",
		"divs_per_year": "0",
		"dividend_total_year": "0",
		"eps": "11.01",
		"shares": "0.11",
		"mktcap": "40.33",
		"roe": "26.92",
		"operating_margin": "37.31",
		"operating_margin_prev": "27.38",
		"operating_margin_avg": "32.35",
		"key_period": "2017-09-30",
		"key_period_prev": "2016-12-31a",
		"employees": "5.4",
		"inst_own": 70,
		"eps_hist": [["2018-01-06", "11.01"]],
		"yield_hist": [["2018-01-31", 0]],
		"yield_hist_last_diff": 0,
		"per_hist": [["2018-01-31", "33.31"]],
		"per_hist_last_diff": 0,
		"operating_margin_hist": [["2018-01-31", "37.31"]],
		"operating_margin_hist_last_diff": 0,
		"operating_margin_prev_hist": [["2018-01-31", "27.38"]],
		"operating_margin_prev_hist_last_diff": 0,
		"shares_hist": [["2018-01-31", "0.11"]],
		"shares_hist_last_diff": 0,
		"employees_hist": [["2018-01-31", "5.4"]],
		"employees_hist_last_diff": 0,
		"inst_own_hist": [["2018-01-31", 70]],
		"inst_own_hist_last_diff": 0,
		"avgyield_per_ratio_original": "0.05",
		"leverage_industry_ratio": "39.60",
		"price_to_sales": "7.70",
		"leverage": "1.44",
		"revenue": "4.86",
		"price_to_book": "6.51",
		"avg_revenue_growth_5y": "61.25",
		"revenue_growth_qq_last_year": "23.00",
		"leverage_industry": "2.36",
		"revenue_hist": [["2018-02-01", "4.86"]],
		"revenue_hist_last_diff": 0,
		"leverage_hist": [["2018-02-01", "1.44"]],
		"leverage_hist_last_diff": 0,
		"price_to_sales_hist": [["2018-02-01", "7.70"]],
		"price_to_sales_hist_last_diff": 0,
		"avg_revenue_growth_5y_hist": [["2018-02-01", "61.25"]],
		"avg_revenue_growth_5y_hist_last_diff": 0,
		"heat_opportunity": "0.08",
		"eps_opportunity": "0.00",
		"high_yld_low_volatility_bonus": "0.00",
		"revenue_growth_bonus": "0.00",
		"eps_trend": "0.00",
		"revenue_growth_qq_last_year_hist": [["2018-02-01", "23.00"]],
		"revenue_growth_qq_last_year_hist_last_diff": 0
	},
	"ALXN:NASDAQ": {
		"name": "ALXN",
		"market": "NASDAQ",
		"date": "31 23:37",
		"value": "119.32",
		"value_hist": [["2018-01-31", "119.32"]],
		"value_hist_last_diff": 0,
		"session_change": "-3.04",
		"session_change_percentage": "-2.48",
		"title": "Alexion Pharmaceuticals,",
		"range_52week": "96.18 - 149.34",
		"range_52week_high": "149.34",
		"range_52week_low": "96.18",
		"range_52week_heat": "0.44",
		"range_52week_volatility": "0.55",
		"beta": "1.17",
		"yield_per_ratio": "0",
		"avgyield_per_ratio": "0.16",
		"h_souce": "0.21",
		"per": "53.34",
		"yield": 0,
		"avgyield": 0,
		"eps_hist_last_diff": 0,
		"dividend": "",
		"divs_per_year": "0",
		"dividend_total_year": "0",
		"eps": "2.24",
		"shares": "0.22",
		"mktcap": "26.25",
		"roe": "3.51",
		"operating_margin": "9.31",
		"operating_margin_prev": "21.63",
		"operating_margin_avg": "15.47",
		"key_period": "2017-09-30",
		"key_period_prev": "2016-12-31a",
		"employees": "3.1",
		"inst_own": 97,
		"eps_hist": [["2018-01-06", "2.24"]],
		"yield_hist": [["2018-01-31", 0]],
		"yield_hist_last_diff": 0,
		"per_hist": [["2018-01-31", "53.34"]],
		"per_hist_last_diff": 0,
		"operating_margin_hist": [["2018-01-31", "9.31"]],
		"operating_margin_hist_last_diff": 0,
		"operating_margin_prev_hist": [["2018-01-31", "21.63"]],
		"operating_margin_prev_hist_last_diff": 0,
		"shares_hist": [["2018-01-31", "0.22"]],
		"shares_hist_last_diff": 0,
		"employees_hist": [["2018-01-31", "3.1"]],
		"employees_hist_last_diff": 0,
		"inst_own_hist": [["2018-01-31", 97]],
		"inst_own_hist_last_diff": 0,
		"avgyield_per_ratio_original": "0.03",
		"leverage_industry_ratio": "39.60",
		"price_to_sales": "7.80",
		"leverage": "1.53",
		"revenue": "3.08",
		"price_to_book": "2.98",
		"avg_revenue_growth_5y": "31.53",
		"revenue_growth_qq_last_year": "7.50",
		"leverage_industry": "2.36",
		"revenue_hist": [["2018-02-01", "3.08"]],
		"revenue_hist_last_diff": 0,
		"leverage_hist": [["2018-02-01", "1.53"]],
		"leverage_hist_last_diff": 0,
		"price_to_sales_hist": [["2018-02-01", "7.80"]],
		"price_to_sales_hist_last_diff": 0,
		"avg_revenue_growth_5y_hist": [["2018-02-01", "31.53"]],
		"avg_revenue_growth_5y_hist_last_diff": 0,
		"heat_opportunity": "0.05",
		"eps_opportunity": "0.00",
		"high_yld_low_volatility_bonus": "0.00",
		"revenue_growth_bonus": "0.00",
		"eps_trend": "0.00",
		"revenue_growth_qq_last_year_hist": [["2018-02-01", "7.50"]],
		"revenue_growth_qq_last_year_hist_last_diff": 0
	},
	"VID:BME": {
		"name": "VID",
		"market": "BME",
		"date": "31 23:26",
		"value": "81.90",
		"value_hist": [["2018-01-31", "81.90"]],
		"value_hist_last_diff": 0,
		"session_change": "-1.60",
		"session_change_percentage": "-1.92",
		"title": "Vidrala",
		"range_52week": "48.10 - 88.20",
		"range_52week_high": "88.20",
		"range_52week_low": "48.10",
		"range_52week_heat": "0.84",
		"range_52week_volatility": "0.83",
		"beta": "-",
		"yield_per_ratio": "0.04",
		"avgyield_per_ratio": "0.40",
		"h_souce": "0.42",
		"per": "25.62",
		"yield": "1.12",
		"avgyield": "1.12",
		"eps_hist_last_diff": 0,
		"dividend": "0.70",
		"divs_per_year": "1",
		"dividend_total_year": "0.70",
		"eps": "3.20",
		"shares": "0.02",
		"mktcap": "1.64",
		"roe": "18.51",
		"operating_margin": "14.78",
		"operating_margin_prev": "12.03",
		"operating_margin_avg": "13.41",
		"key_period": "2017-06-30",
		"key_period_prev": "2016-12-31a",
		"employees": "3.1",
		"inst_own": 0,
		"eps_hist": [["2018-01-08", "3.20"]],
		"yield_hist": [["2018-01-31", "1.12"]],
		"yield_hist_last_diff": 0,
		"per_hist": [["2018-01-31", "25.62"]],
		"per_hist_last_diff": 0,
		"operating_margin_hist": [["2018-01-31", "14.78"]],
		"operating_margin_hist_last_diff": 0,
		"operating_margin_prev_hist": [["2018-01-31", "12.03"]],
		"operating_margin_prev_hist_last_diff": 0,
		"shares_hist": [["2018-01-31", "0.02"]],
		"shares_hist_last_diff": 0,
		"employees_hist": [["2018-01-31", "3.1"]],
		"employees_hist_last_diff": 0,
		"inst_own_hist": [["2018-01-31", 0]],
		"inst_own_hist_last_diff": 0,
		"avgyield_per_ratio_original": "0.06",
		"leverage_industry_ratio": "0.90",
		"revenue": "0.77",
		"price_to_book": "4.14",
		"price_to_sales": "2.60",
		"avg_revenue_growth_5y": "12.26",
		"revenue_growth_qq_last_year": "6.20",
		"leverage": "2.25",
		"leverage_industry": 0,
		"revenue_hist": [["2018-02-01", "0.77"]],
		"revenue_hist_last_diff": 0,
		"leverage_hist": [["2018-02-01", "2.25"]],
		"leverage_hist_last_diff": 0,
		"price_to_sales_hist": [["2018-02-01", "2.60"]],
		"price_to_sales_hist_last_diff": 0,
		"avg_revenue_growth_5y_hist": [["2018-02-01", "12.26"]],
		"avg_revenue_growth_5y_hist_last_diff": 0,
		"heat_opportunity": "0.02",
		"eps_opportunity": "0.00",
		"high_yld_low_volatility_bonus": "0.00",
		"revenue_growth_bonus": "0.00",
		"eps_trend": "0.00",
		"revenue_growth_qq_last_year_hist": [["2018-02-01", "6.20"]],
		"revenue_growth_qq_last_year_hist_last_diff": 0
	},
	"R4:BME": {
		"name": "R4",
		"market": "BME",
		"date": "31 23:30",
		"value": "6.88",
		"value_hist": [["2018-01-31", "6.88"]],
		"value_hist_last_diff": 0,
		"session_change": "-0.02",
		"session_change_percentage": "-0.29",
		"title": "Renta 4 Banco",
		"range_52week": "5.49 - 7.20",
		"range_52week_high": "7.20",
		"range_52week_low": "5.49",
		"range_52week_heat": "0.81",
		"range_52week_volatility": "0.31",
		"beta": "-",
		"yield_per_ratio": "0.22",
		"avgyield_per_ratio": "0.25",
		"h_souce": "0.32",
		"per": "19.40",
		"yield": "4.27",
		"avgyield": "4.27",
		"eps_hist_last_diff": 0,
		"dividend": "0.20",
		"divs_per_year": "1",
		"dividend_total_year": "0.20",
		"eps": "0.35",
		"shares": "0.04",
		"mktcap": "0.28",
		"roe": "13.57",
		"operating_margin": "13.35",
		"operating_margin_prev": "12.91",
		"operating_margin_avg": "13.13",
		"key_period": "2017-09-30",
		"key_period_prev": "2016-12-31a",
		"employees": "0.5",
		"inst_own": 0,
		"eps_hist": [["2018-01-08", "0.35"]],
		"yield_hist": [["2018-01-31", "4.27"]],
		"yield_hist_last_diff": 0,
		"per_hist": [["2018-01-31", "19.40"]],
		"per_hist_last_diff": 0,
		"operating_margin_hist": [["2018-01-31", "13.35"]],
		"operating_margin_hist_last_diff": 0,
		"operating_margin_prev_hist": [["2018-01-31", "12.91"]],
		"operating_margin_prev_hist_last_diff": 0,
		"shares_hist": [["2018-01-31", "0.04"]],
		"shares_hist_last_diff": 0,
		"employees_hist": [["2018-01-31", "0.5"]],
		"employees_hist_last_diff": 0,
		"inst_own_hist": [["2018-01-31", 0]],
		"inst_own_hist_last_diff": 0,
		"avgyield_per_ratio_original": "0.22",
		"leverage_industry_ratio": "4.83",
		"revenue": "0.07",
		"price_to_book": "2.88",
		"price_to_sales": "3.65",
		"avg_revenue_growth_5y": "12.23",
		"revenue_growth_qq_last_year": "5.10",
		"leverage": "12.08",
		"leverage_industry": 0,
		"revenue_hist": [["2018-02-01", "0.07"]],
		"revenue_hist_last_diff": 0,
		"leverage_hist": [["2018-02-01", "12.08"]],
		"leverage_hist_last_diff": 0,
		"price_to_sales_hist": [["2018-02-01", "3.65"]],
		"price_to_sales_hist_last_diff": 0,
		"avg_revenue_growth_5y_hist": [["2018-02-01", "12.23"]],
		"avg_revenue_growth_5y_hist_last_diff": 0,
		"heat_opportunity": "0.01",
		"eps_opportunity": "0.00",
		"high_yld_low_volatility_bonus": "0.05",
		"revenue_growth_bonus": "0.00",
		"eps_trend": "0.00",
		"revenue_growth_qq_last_year_hist": [["2018-02-01", "5.10"]],
		"revenue_growth_qq_last_year_hist_last_diff": 0
	},
	"NTES:NASDAQ": {
		"name": "NTES",
		"market": "NASDAQ",
		"date": "01 08:02",
		"value": "320.16",
		"value_hist": [["2018-02-01", "320.16"]],
		"value_hist_last_diff": 0,
		"session_change": "-2.64",
		"session_change_percentage": "-0.82",
		"title": "NetEase Inc (ADR)",
		"range_52week": "248.32 - 377.64",
		"range_52week_high": "377.64",
		"range_52week_low": "248.32",
		"range_52week_heat": "0.56",
		"range_52week_volatility": "0.52",
		"beta": "0.94",
		"yield_per_ratio": "0.06",
		"avgyield_per_ratio": "0.68",
		"h_souce": "0.72",
		"per": "20.48",
		"yield": "1.14",
		"avgyield": "1.14",
		"eps_hist_last_diff": 0,
		"dividend": "0.72",
		"divs_per_year": "5",
		"dividend_total_year": "3.60",
		"eps": "15.64",
		"shares": "3.29",
		"mktcap": "1053.33",
		"roe": "22.90",
		"operating_margin": "20.43",
		"operating_margin_prev": "33.08",
		"operating_margin_avg": "26.76",
		"key_period": "2017-09-30",
		"key_period_prev": "2016-12-31a",
		"employees": "15.9",
		"inst_own": 2,
		"eps_hist": [["2018-01-31", "15.64"]],
		"yield_hist": [["2018-02-01", "1.14"]],
		"yield_hist_last_diff": 0,
		"per_hist": [["2018-02-01", "20.48"]],
		"per_hist_last_diff": 0,
		"operating_margin_hist": [["2018-02-01", "20.43"]],
		"operating_margin_hist_last_diff": 0,
		"operating_margin_prev_hist": [["2018-02-01", "33.08"]],
		"operating_margin_prev_hist_last_diff": 0,
		"shares_hist": [["2018-02-01", "3.29"]],
		"shares_hist_last_diff": 0,
		"employees_hist": [["2018-02-01", "15.9"]],
		"employees_hist_last_diff": 0,
		"inst_own_hist": [["2018-02-01", 2]],
		"inst_own_hist_last_diff": 0,
		"avgyield_per_ratio_original": "0.07",
		"leverage_industry_ratio": "0.59",
		"revenue": "6.04",
		"price_to_book": "5.96",
		"price_to_sales": "5.26",
		"avg_revenue_growth_5y": "39.26",
		"revenue_growth_qq_last_year": "35.50",
		"leverage": "1.48",
		"leverage_industry": "1.20",
		"revenue_hist": [["2018-01-31", "6.04"]],
		"revenue_hist_last_diff": 0,
		"leverage_hist": [["2018-01-31", "1.48"]],
		"leverage_hist_last_diff": 0,
		"price_to_sales_hist": [["2018-01-31", "5.26"]],
		"price_to_sales_hist_last_diff": 0,
		"avg_revenue_growth_5y_hist": [["2018-01-31", "39.26"]],
		"avg_revenue_growth_5y_hist_last_diff": 0,
		"heat_opportunity": "0.04",
		"eps_opportunity": "0.00",
		"high_yld_low_volatility_bonus": "0.00",
		"revenue_growth_bonus": "0.00",
		"eps_trend": "0.00",
		"revenue_growth_qq_last_year_hist": [["2018-01-31", "35.50"]],
		"revenue_growth_qq_last_year_hist_last_diff": 0
	},
	"ICE:NYSE": {
		"name": "ICE",
		"market": "NYSE",
		"date": "01 08:02",
		"value": "73.84",
		"value_hist": [["2018-02-01", "73.84"]],
		"value_hist_last_diff": 0,
		"session_change": "+0.29",
		"session_change_percentage": "0.39",
		"title": "Intercontinental Exchange",
		"range_52week": "56.80 - 76.14",
		"range_52week_high": "76.14",
		"range_52week_low": "56.80",
		"range_52week_heat": "0.88",
		"range_52week_volatility": "0.34",
		"beta": "0.70",
		"yield_per_ratio": "0.04",
		"avgyield_per_ratio": "0.40",
		"h_souce": "0.40",
		"per": "26.81",
		"yield": "1.08",
		"avgyield": "1.08",
		"eps_hist_last_diff": 0,
		"dividend": "0.20",
		"divs_per_year": "4",
		"dividend_total_year": "0.80",
		"eps": "2.75",
		"shares": "0.59",
		"mktcap": "43.57",
		"roe": "9.28",
		"operating_margin": "52.14",
		"operating_margin_prev": "48.17",
		"operating_margin_avg": "50.16",
		"key_period": "2017-09-30",
		"key_period_prev": "2016-12-31a",
		"employees": "5.6",
		"inst_own": 94,
		"eps_hist": [["2018-01-08", "2.75"]],
		"yield_hist": [["2018-02-01", "1.08"]],
		"yield_hist_last_diff": 0,
		"per_hist": [["2018-02-01", "26.81"]],
		"per_hist_last_diff": 0,
		"operating_margin_hist": [["2018-02-01", "52.14"]],
		"operating_margin_hist_last_diff": 0,
		"operating_margin_prev_hist": [["2018-02-01", "48.17"]],
		"operating_margin_prev_hist_last_diff": 0,
		"shares_hist": [["2018-02-01", "0.59"]],
		"shares_hist_last_diff": 0,
		"employees_hist": [["2018-02-01", "5.6"]],
		"employees_hist_last_diff": 0,
		"inst_own_hist": [["2018-02-01", 94]],
		"inst_own_hist_last_diff": 0,
		"avgyield_per_ratio_original": "0.06",
		"leverage_industry_ratio": "1.21",
		"revenue": "5.96",
		"price_to_book": "2.69",
		"price_to_sales": "7.46",
		"avg_revenue_growth_5y": "35.02",
		"revenue_growth_qq_last_year": "1.10",
		"leverage": "4.95",
		"leverage_industry": "4.10",
		"revenue_hist": [["2018-01-31", "5.96"]],
		"revenue_hist_last_diff": 0,
		"leverage_hist": [["2018-01-31", "4.95"]],
		"leverage_hist_last_diff": 0,
		"price_to_sales_hist": [["2018-01-31", "7.46"]],
		"price_to_sales_hist_last_diff": 0,
		"avg_revenue_growth_5y_hist": [["2018-01-31", "35.02"]],
		"avg_revenue_growth_5y_hist_last_diff": 0,
		"heat_opportunity": "0.01",
		"eps_opportunity": "0.00",
		"high_yld_low_volatility_bonus": "0.00",
		"revenue_growth_bonus": "0.00",
		"eps_trend": "0.00",
		"revenue_growth_qq_last_year_hist": [["2018-01-31", "1.10"]],
		"revenue_growth_qq_last_year_hist_last_diff": 0
	},
	"CME:NASDAQ": {
		"name": "CME",
		"market": "NASDAQ",
		"date": "01 08:02",
		"value": "153.48",
		"value_hist": [["2018-02-01", "153.48"]],
		"value_hist_last_diff": 0,
		"session_change": "+0.15",
		"session_change_percentage": "0.10",
		"title": "CME Group",
		"range_52week": "114.82 - 156.49",
		"range_52week_high": "156.49",
		"range_52week_low": "114.82",
		"range_52week_heat": "0.93",
		"range_52week_volatility": "0.36",
		"beta": "0.72",
		"yield_per_ratio": "0.05",
		"avgyield_per_ratio": "0.25",
		"h_souce": "0.30",
		"per": "34.83",
		"yield": "1.72",
		"avgyield": "1.72",
		"eps_hist_last_diff": 0,
		"dividend": "3.50",
		"divs_per_year": "1",
		"dividend_total_year": "3.50",
		"eps": "4.41",
		"shares": "0.34",
		"mktcap": "52.18",
		"roe": "5.95",
		"operating_margin": "63.75",
		"operating_margin_prev": "61.27",
		"operating_margin_avg": "62.51",
		"key_period": "2017-09-30",
		"key_period_prev": "2016-12-31a",
		"employees": "2.7",
		"inst_own": 86,
		"eps_hist": [["2018-01-08", "4.41"]],
		"yield_hist": [["2018-02-01", "1.72"]],
		"yield_hist_last_diff": 0,
		"per_hist": [["2018-02-01", "34.83"]],
		"per_hist_last_diff": 0,
		"operating_margin_hist": [["2018-02-01", "63.75"]],
		"operating_margin_hist_last_diff": 0,
		"operating_margin_prev_hist": [["2018-02-01", "61.27"]],
		"operating_margin_prev_hist_last_diff": 0,
		"shares_hist": [["2018-02-01", "0.34"]],
		"shares_hist_last_diff": 0,
		"employees_hist": [["2018-02-01", "2.7"]],
		"employees_hist_last_diff": 0,
		"inst_own_hist": [["2018-02-01", 86]],
		"inst_own_hist_last_diff": 0,
		"avgyield_per_ratio_original": "0.05",
		"leverage_industry_ratio": "0.91",
		"revenue": "3.60",
		"price_to_book": "2.50",
		"price_to_sales": "14.25",
		"avg_revenue_growth_5y": "1.85",
		"revenue_growth_qq_last_year": "6.00",
		"leverage": "3.75",
		"leverage_industry": "4.10",
		"revenue_hist": [["2018-01-31", "3.60"]],
		"revenue_hist_last_diff": 0,
		"leverage_hist": [["2018-01-31", "3.75"]],
		"leverage_hist_last_diff": 0,
		"price_to_sales_hist": [["2018-01-31", "14.25"]],
		"price_to_sales_hist_last_diff": 0,
		"avg_revenue_growth_5y_hist": [["2018-01-31", "1.85"]],
		"avg_revenue_growth_5y_hist_last_diff": 0,
		"heat_opportunity": "0.01",
		"eps_opportunity": "0.00",
		"high_yld_low_volatility_bonus": "0.00",
		"revenue_growth_bonus": "0.05",
		"eps_trend": "0.00",
		"revenue_growth_qq_last_year_hist": [["2018-01-31", "6.00"]],
		"revenue_growth_qq_last_year_hist_last_diff": 0
	},
	"MCHP:NASDAQ": {
		"name": "MCHP",
		"market": "NASDAQ",
		"date": "01 08:02",
		"value": "95.22",
		"value_hist": [["2018-02-01", "95.22"]],
		"value_hist_last_diff": 0,
		"session_change": "+0.23",
		"session_change_percentage": "0.24",
		"title": "Microchip Technology",
		"range_52week": "66.85 - 99.17",
		"range_52week_high": "99.17",
		"range_52week_low": "66.85",
		"range_52week_heat": "0.88",
		"range_52week_volatility": "0.48",
		"beta": "1.00",
		"yield_per_ratio": "0.04",
		"avgyield_per_ratio": "0.47",
		"h_souce": "0.48",
		"per": "38.04",
		"yield": "1.52",
		"avgyield": "1.52",
		"eps_hist_last_diff": 0,
		"dividend": "0.36",
		"divs_per_year": "4",
		"dividend_total_year": "1.44",
		"eps": "2.50",
		"shares": "0.23",
		"mktcap": "21.90",
		"roe": "21.81",
		"operating_margin": "22.27",
		"operating_margin_prev": "6.81",
		"operating_margin_avg": "14.54",
		"key_period": "2017-09-30",
		"key_period_prev": "2017-12-31a",
		"employees": "12.7",
		"inst_own": 109,
		"eps_hist": [["2018-01-08", "2.50"]],
		"yield_hist": [["2018-02-01", "1.52"]],
		"yield_hist_last_diff": 0,
		"per_hist": [["2018-02-01", "38.04"]],
		"per_hist_last_diff": 0,
		"operating_margin_hist": [["2018-02-01", "22.27"]],
		"operating_margin_hist_last_diff": 0,
		"operating_margin_prev_hist": [["2018-02-01", "6.81"]],
		"operating_margin_prev_hist_last_diff": 0,
		"shares_hist": [["2018-02-01", "0.23"]],
		"shares_hist_last_diff": 0,
		"employees_hist": [["2018-02-01", "12.7"]],
		"employees_hist_last_diff": 0,
		"inst_own_hist": [["2018-02-01", 109]],
		"inst_own_hist_last_diff": 0,
		"avgyield_per_ratio_original": "0.04",
		"leverage_industry_ratio": "0.91",
		"revenue": "3.41",
		"price_to_book": "6.27",
		"price_to_sales": "6.36",
		"avg_revenue_growth_5y": "19.76",
		"revenue_growth_qq_last_year": "16.20",
		"leverage": "2.27",
		"leverage_industry": "1.72",
		"revenue_hist": [["2018-01-31", "3.41"]],
		"revenue_hist_last_diff": 0,
		"leverage_hist": [["2018-01-31", "2.27"]],
		"leverage_hist_last_diff": 0,
		"price_to_sales_hist": [["2018-01-31", "6.36"]],
		"price_to_sales_hist_last_diff": 0,
		"avg_revenue_growth_5y_hist": [["2018-01-31", "19.76"]],
		"avg_revenue_growth_5y_hist_last_diff": 0,
		"heat_opportunity": "0.01",
		"eps_opportunity": "0.00",
		"high_yld_low_volatility_bonus": "0.00",
		"revenue_growth_bonus": "0.00",
		"eps_trend": "0.00",
		"revenue_growth_qq_last_year_hist": [["2018-01-31", "16.20"]],
		"revenue_growth_qq_last_year_hist_last_diff": 0
	},
	"MU:NASDAQ": {
		"name": "MU",
		"market": "NASDAQ",
		"date": "31 22:06",
		"value": "43.72",
		"value_hist": [["2018-01-31", "43.72"]],
		"value_hist_last_diff": 0,
		"session_change": "+2.05",
		"session_change_percentage": "4.92",
		"title": "Micron Technology,",
		"range_52week": "22.64 - 49.89",
		"range_52week_high": "49.89",
		"range_52week_low": "22.64",
		"range_52week_heat": "0.77",
		"range_52week_volatility": "1.20",
		"beta": "1.75",
		"yield_per_ratio": "0",
		"avgyield_per_ratio": "1.19",
		"h_souce": "1.27",
		"per": "6.89",
		"yield": 0,
		"avgyield": 0,
		"eps_hist_last_diff": 0,
		"dividend": "",
		"divs_per_year": "0",
		"dividend_total_year": "0",
		"eps": "6.35",
		"shares": "1.16",
		"mktcap": "50.72",
		"roe": "52.21",
		"operating_margin": "42.66",
		"operating_margin_prev": "28.73",
		"operating_margin_avg": "35.70",
		"key_period": "2017-nov",
		"key_period_prev": "2017-12-31a",
		"employees": "34.1",
		"inst_own": 85,
		"eps_hist": [["2018-01-08", "6.35"]],
		"yield_hist": [["2018-01-31", 0]],
		"yield_hist_last_diff": 0,
		"per_hist": [["2018-01-31", "6.89"]],
		"per_hist_last_diff": 0,
		"operating_margin_hist": [["2018-01-31", "42.66"]],
		"operating_margin_hist_last_diff": 0,
		"operating_margin_prev_hist": [["2018-01-31", "28.73"]],
		"operating_margin_prev_hist_last_diff": 0,
		"shares_hist": [["2018-01-31", "1.16"]],
		"shares_hist_last_diff": 0,
		"employees_hist": [["2018-01-31", "34.1"]],
		"employees_hist_last_diff": 0,
		"inst_own_hist": [["2018-01-31", 85]],
		"inst_own_hist_last_diff": 0,
		"avgyield_per_ratio_original": "0.22",
		"leverage_industry_ratio": "0.66",
		"revenue": "20.32",
		"price_to_book": "2.14",
		"price_to_sales": "2.14",
		"avg_revenue_growth_5y": "19.80",
		"revenue_growth_qq_last_year": "71.40",
		"leverage": "1.65",
		"leverage_industry": "1.65",
		"revenue_hist": [["2018-01-31", "20.32"]],
		"revenue_hist_last_diff": 0,
		"leverage_hist": [["2018-01-31", "1.65"]],
		"leverage_hist_last_diff": 0,
		"price_to_sales_hist": [["2018-01-31", "2.14"]],
		"price_to_sales_hist_last_diff": 0,
		"avg_revenue_growth_5y_hist": [["2018-01-31", "19.80"]],
		"avg_revenue_growth_5y_hist_last_diff": 0,
		"heat_opportunity": "0.03",
		"eps_opportunity": "0.00",
		"high_yld_low_volatility_bonus": "0.00",
		"revenue_growth_bonus": "0.05",
		"eps_trend": "0.00",
		"revenue_growth_qq_last_year_hist": [["2018-01-31", "71.40"]],
		"revenue_growth_qq_last_year_hist_last_diff": 0
	},
	"TSM:NYSE": {
		"name": "TSM",
		"market": "NYSE",
		"date": "31 22:06",
		"value": "45.31",
		"value_hist": [["2018-01-31", "45.31"]],
		"value_hist_last_diff": 0,
		"session_change": "+0.43",
		"session_change_percentage": "0.96",
		"title": "Taiwan Semiconductor Mfg. Co. ",
		"range_52week": "30.17 - 46.57",
		"range_52week_high": "46.57",
		"range_52week_low": "30.17",
		"range_52week_heat": "0.92",
		"range_52week_volatility": "0.54",
		"beta": "0.74",
		"yield_per_ratio": "0.13",
		"avgyield_per_ratio": "0.44",
		"h_souce": "0.45",
		"per": "19.96",
		"yield": "2.54",
		"avgyield": "2.54",
		"eps_hist_last_diff": 0,
		"dividend": "1.15",
		"divs_per_year": "1",
		"dividend_total_year": "1.15",
		"eps": "2.27",
		"shares": "25.93",
		"mktcap": "1174.89",
		"roe": "26.02",
		"operating_margin": "38.89",
		"operating_margin_prev": "39.85",
		"operating_margin_avg": "39.37",
		"key_period": "2017-09-30",
		"key_period_prev": "2016-12-31a",
		"employees": "47.0",
		"inst_own": 4,
		"eps_hist": [["2018-01-30", "2.27"]],
		"yield_hist": [["2018-01-31", "2.54"]],
		"yield_hist_last_diff": 0,
		"per_hist": [["2018-01-31", "19.96"]],
		"per_hist_last_diff": 0,
		"operating_margin_hist": [["2018-01-31", "38.89"]],
		"operating_margin_hist_last_diff": 0,
		"operating_margin_prev_hist": [["2018-01-31", "39.85"]],
		"operating_margin_prev_hist_last_diff": 0,
		"shares_hist": [["2018-01-31", "25.93"]],
		"shares_hist_last_diff": 0,
		"employees_hist": [["2018-01-31", "47.0"]],
		"employees_hist_last_diff": 0,
		"inst_own_hist": [["2018-01-31", 4]],
		"inst_own_hist_last_diff": 0,
		"avgyield_per_ratio_original": "0.13",
		"leverage_industry_ratio": "0.52",
		"revenue": "32.43",
		"price_to_book": "4.73",
		"price_to_sales": "7.04",
		"avg_revenue_growth_5y": "17.29",
		"revenue_growth_qq_last_year": "-3.20",
		"leverage": "1.29",
		"leverage_industry": "1.72",
		"revenue_hist": [["2018-01-31", "32.43"]],
		"revenue_hist_last_diff": 0,
		"leverage_hist": [["2018-01-31", "1.29"]],
		"leverage_hist_last_diff": 0,
		"price_to_sales_hist": [["2018-01-31", "7.04"]],
		"price_to_sales_hist_last_diff": 0,
		"avg_revenue_growth_5y_hist": [["2018-01-31", "17.29"]],
		"avg_revenue_growth_5y_hist_last_diff": 0,
		"heat_opportunity": "0.01",
		"eps_opportunity": "0.00",
		"high_yld_low_volatility_bonus": "0.00",
		"revenue_growth_bonus": "0.00",
		"eps_trend": "0.00",
		"revenue_growth_qq_last_year_hist": [["2018-01-31", "-3.20"]],
		"revenue_growth_qq_last_year_hist_last_diff": 0
	},
	"AVGO:NASDAQ": {
		"name": "AVGO",
		"market": "NASDAQ",
		"date": "31 22:06",
		"value": "248.03",
		"value_hist": [["2018-01-31", "248.03"]],
		"value_hist_last_diff": 0,
		"session_change": "+7.05",
		"session_change_percentage": "2.93",
		"title": "Broadcom Ltd",
		"range_52week": "198.86 - 285.68",
		"range_52week_high": "285.68",
		"range_52week_low": "198.86",
		"range_52week_heat": "0.57",
		"range_52week_volatility": "0.44",
		"beta": "1.04",
		"yield_per_ratio": "0.04",
		"avgyield_per_ratio": "0.46",
		"h_souce": "0.49",
		"per": "63.14",
		"yield": "2.82",
		"avgyield": "2.82",
		"eps_hist_last_diff": 0,
		"dividend": "1.75",
		"divs_per_year": "4",
		"dividend_total_year": "7.00",
		"eps": "3.93",
		"shares": "0.41",
		"mktcap": "101.69",
		"roe": "10.55",
		"operating_margin": "15.44",
		"operating_margin_prev": "12.57",
		"operating_margin_avg": "14.01",
		"key_period": "2017-oct",
		"key_period_prev": "2017-12-31a",
		"employees": "14.0",
		"inst_own": 91,
		"eps_hist": [["2018-01-08", "3.93"]],
		"yield_hist": [["2018-01-31", "2.82"]],
		"yield_hist_last_diff": 0,
		"per_hist": [["2018-01-31", "63.14"]],
		"per_hist_last_diff": 0,
		"operating_margin_hist": [["2018-01-31", "15.44"]],
		"operating_margin_hist_last_diff": 0,
		"operating_margin_prev_hist": [["2018-01-31", "12.57"]],
		"operating_margin_prev_hist_last_diff": 0,
		"shares_hist": [["2018-01-31", "0.41"]],
		"shares_hist_last_diff": 0,
		"employees_hist": [["2018-01-31", "14.0"]],
		"employees_hist_last_diff": 0,
		"inst_own_hist": [["2018-01-31", 91]],
		"inst_own_hist_last_diff": 0,
		"avgyield_per_ratio_original": "0.04",
		"leverage_industry_ratio": "1.07",
		"revenue": "17.64",
		"price_to_book": "4.64",
		"price_to_sales": "5.75",
		"avg_revenue_growth_5y": "49.47",
		"revenue_growth_qq_last_year": "17.10",
		"leverage": "2.68",
		"leverage_industry": "1.72",
		"revenue_hist": [["2018-01-31", "17.64"]],
		"revenue_hist_last_diff": 0,
		"leverage_hist": [["2018-01-31", "2.68"]],
		"leverage_hist_last_diff": 0,
		"price_to_sales_hist": [["2018-01-31", "5.75"]],
		"price_to_sales_hist_last_diff": 0,
		"avg_revenue_growth_5y_hist": [["2018-01-31", "49.47"]],
		"avg_revenue_growth_5y_hist_last_diff": 0,
		"heat_opportunity": "0.04",
		"eps_opportunity": "0.00",
		"high_yld_low_volatility_bonus": "0.00",
		"revenue_growth_bonus": "0.00",
		"eps_trend": "0.00",
		"revenue_growth_qq_last_year_hist": [["2018-01-31", "17.10"]],
		"revenue_growth_qq_last_year_hist_last_diff": 0
	},
	"BIDU:NASDAQ": {
		"name": "BIDU",
		"market": "NASDAQ",
		"date": "31 22:06",
		"value": "246.92",
		"value_hist": [["2018-01-31", "246.92"]],
		"value_hist_last_diff": 0,
		"session_change": "+2.85",
		"session_change_percentage": "1.17",
		"title": "Baidu Inc (ADR)",
		"range_52week": "166.00 - 274.97",
		"range_52week_high": "274.97",
		"range_52week_low": "166.00",
		"range_52week_heat": "0.74",
		"range_52week_volatility": "0.66",
		"beta": "1.89",
		"yield_per_ratio": "0",
		"avgyield_per_ratio": "0.57",
		"h_souce": "0.60",
		"per": "34.20",
		"yield": 0,
		"avgyield": 0,
		"eps_hist_last_diff": 0,
		"dividend": "",
		"divs_per_year": "0",
		"dividend_total_year": "0",
		"eps": "7.22",
		"shares": "0.03",
		"mktcap": "7.41",
		"roe": "30.71",
		"operating_margin": "20.01",
		"operating_margin_prev": "14.24",
		"operating_margin_avg": "17.13",
		"key_period": "2017-09-30",
		"key_period_prev": "2016-12-31a",
		"employees": "45.9",
		"inst_own": 853,
		"eps_hist": [["2018-01-31", "7.22"]],
		"yield_hist": [["2018-01-31", 0]],
		"yield_hist_last_diff": 0,
		"per_hist": [["2018-01-31", "34.20"]],
		"per_hist_last_diff": 0,
		"operating_margin_hist": [["2018-01-31", "20.01"]],
		"operating_margin_hist_last_diff": 0,
		"operating_margin_prev_hist": [["2018-01-31", "14.24"]],
		"operating_margin_prev_hist_last_diff": 0,
		"shares_hist": [["2018-01-31", "0.03"]],
		"shares_hist_last_diff": 0,
		"employees_hist": [["2018-01-31", "45.9"]],
		"employees_hist_last_diff": 0,
		"inst_own_hist": [["2018-01-31", 853]],
		"inst_own_hist_last_diff": 0,
		"avgyield_per_ratio_original": "0.04",
		"leverage_industry_ratio": "0.89",
		"revenue": "11.22",
		"price_to_book": "4.99",
		"price_to_sales": "6.87",
		"avg_revenue_growth_5y": "37.22",
		"revenue_growth_qq_last_year": "28.70",
		"leverage": "2.23",
		"leverage_industry": "1.20",
		"revenue_hist": [["2018-02-01", "11.22"]],
		"revenue_hist_last_diff": 0,
		"leverage_hist": [["2018-02-01", "2.23"]],
		"leverage_hist_last_diff": 0,
		"price_to_sales_hist": [["2018-02-01", "6.87"]],
		"price_to_sales_hist_last_diff": 0,
		"avg_revenue_growth_5y_hist": [["2018-02-01", "37.22"]],
		"avg_revenue_growth_5y_hist_last_diff": 0,
		"heat_opportunity": "0.03",
		"eps_opportunity": "0.00",
		"high_yld_low_volatility_bonus": "0.00",
		"revenue_growth_bonus": "0.00",
		"eps_trend": "0.00",
		"revenue_growth_qq_last_year_hist": [["2018-02-01", "28.70"]],
		"revenue_growth_qq_last_year_hist_last_diff": 0
	},
	"AMD:NASDAQ": {
		"revenue": "4.27",
		"price_to_book": "23.87",
		"price_to_sales": "2.45",
		"avg_revenue_growth_5y": "-8.24",
		"revenue_growth_qq_last_year": "25.70",
		"leverage": "6.90",
		"leverage_industry": "1.72",
		"revenue_hist": [["2018-01-31", "4.27"]],
		"revenue_hist_last_diff": 0,
		"leverage_hist": [["2018-01-31", "6.90"]],
		"leverage_hist_last_diff": 0,
		"price_to_sales_hist": [["2018-01-31", "2.45"]],
		"price_to_sales_hist_last_diff": 0,
		"avg_revenue_growth_5y_hist": [["2018-01-31", "-8.24"]],
		"avg_revenue_growth_5y_hist_last_diff": 0,
		"name": "AMD",
		"market": "NASDAQ",
		"date": "31 23:53",
		"value": "13.74",
		"value_hist": [["2018-01-31", "13.74"]],
		"value_hist_last_diff": 0,
		"session_change": "+0.87",
		"session_change_percentage": "6.76",
		"title": "Advanced Micro Devices,",
		"range_52week": "9.70 - 15.65",
		"range_52week_high": "15.65",
		"range_52week_low": "9.70",
		"range_52week_heat": "0.68",
		"range_52week_volatility": "0.61",
		"beta": "2.47",
		"yield_per_ratio": "0",
		"avgyield_per_ratio": "0.10",
		"h_souce": "0.18",
		"per": 999,
		"yield": 0,
		"avgyield": 0,
		"eps_hist_last_diff": 0,
		"dividend": "",
		"divs_per_year": "0",
		"dividend_total_year": "0",
		"eps": "-0.08",
		"shares": "0.97",
		"mktcap": "13.33",
		"roe": "60.79",
		"operating_margin": "7.55",
		"operating_margin_prev": "-10.30",
		"operating_margin_avg": "-1.38",
		"key_period": "2017-09-30",
		"key_period_prev": "2016-12-31a",
		"employees": "8.2",
		"inst_own": 71,
		"eps_hist": [["2018-01-09", "-0.08"]],
		"yield_hist": [["2018-01-31", 0]],
		"yield_hist_last_diff": 0,
		"per_hist": [["2018-01-31", 999]],
		"per_hist_last_diff": 0,
		"operating_margin_hist": [["2018-01-31", "7.55"]],
		"operating_margin_hist_last_diff": 0,
		"operating_margin_prev_hist": [["2018-01-31", "-10.30"]],
		"operating_margin_prev_hist_last_diff": 0,
		"shares_hist": [["2018-01-31", "0.97"]],
		"shares_hist_last_diff": 0,
		"employees_hist": [["2018-01-31", "8.2"]],
		"employees_hist_last_diff": 0,
		"inst_own_hist": [["2018-01-31", 71]],
		"inst_own_hist_last_diff": 0,
		"avgyield_per_ratio_original": "0.02",
		"leverage_industry_ratio": "2.76",
		"heat_opportunity": "0.03",
		"eps_opportunity": "0.00",
		"high_yld_low_volatility_bonus": "0.00",
		"revenue_growth_bonus": "0.05",
		"eps_trend": "0.00",
		"revenue_growth_qq_last_year_hist": [["2018-01-31", "25.70"]],
		"revenue_growth_qq_last_year_hist_last_diff": 0
	},
	"WDC:NASDAQ": {
		"name": "WDC",
		"market": "NASDAQ",
		"date": "31 22:09",
		"value": "88.99",
		"value_hist": [["2018-01-31", "88.99"]],
		"value_hist_last_diff": 0,
		"session_change": "+1.90",
		"session_change_percentage": "2.19",
		"title": "Western Digital Corp",
		"range_52week": "71.38 - 95.77",
		"range_52week_high": "95.77",
		"range_52week_low": "71.38",
		"range_52week_heat": "0.72",
		"range_52week_volatility": "0.34",
		"beta": "1.12",
		"yield_per_ratio": "0.03",
		"avgyield_per_ratio": "0.51",
		"h_souce": "0.58",
		"per": "73.48",
		"yield": "2.25",
		"avgyield": "2.25",
		"eps_hist_last_diff": 0,
		"dividend": "0.50",
		"divs_per_year": "4",
		"dividend_total_year": "2.00",
		"eps": "1.21",
		"shares": "0.30",
		"mktcap": "26.70",
		"roe": "-28.30",
		"operating_margin": "17.90",
		"operating_margin_prev": "10.23",
		"operating_margin_avg": "14.07",
		"key_period": "2017-12-31",
		"key_period_prev": "2017-12-31a",
		"employees": "68.0",
		"inst_own": 88,
		"eps_hist": [["2018-01-26", "1.21"]],
		"yield_hist": [["2018-01-31", "2.25"]],
		"yield_hist_last_diff": 0,
		"per_hist": [["2018-01-31", "73.48"]],
		"per_hist_last_diff": 0,
		"operating_margin_hist": [["2018-01-31", "17.90"]],
		"operating_margin_hist_last_diff": 0,
		"operating_margin_prev_hist": [["2018-01-31", "10.23"]],
		"operating_margin_prev_hist_last_diff": 0,
		"shares_hist": [["2018-01-31", "0.30"]],
		"shares_hist_last_diff": 0,
		"employees_hist": [["2018-01-31", "68.0"]],
		"employees_hist_last_diff": 0,
		"inst_own_hist": [["2018-01-31", 88]],
		"inst_own_hist_last_diff": 0,
		"avgyield_per_ratio_original": "0.03",
		"leverage_industry_ratio": "0.88",
		"revenue": "19.09",
		"price_to_book": "2.14",
		"price_to_sales": "1.34",
		"avg_revenue_growth_5y": "8.88",
		"revenue_growth_qq_last_year": "9.90",
		"leverage": "2.53",
		"leverage_industry": "2.88",
		"revenue_hist": [["2018-02-01", "19.09"]],
		"revenue_hist_last_diff": 0,
		"leverage_hist": [["2018-02-01", "2.53"]],
		"leverage_hist_last_diff": 0,
		"price_to_sales_hist": [["2018-02-01", "1.34"]],
		"price_to_sales_hist_last_diff": 0,
		"avg_revenue_growth_5y_hist": [["2018-02-01", "8.88"]],
		"avg_revenue_growth_5y_hist_last_diff": 0,
		"heat_opportunity": "0.02",
		"eps_opportunity": "0.00",
		"high_yld_low_volatility_bonus": "0.00",
		"revenue_growth_bonus": "0.05",
		"eps_trend": "0.00",
		"revenue_growth_qq_last_year_hist": [["2018-02-01", "9.90"]],
		"revenue_growth_qq_last_year_hist_last_diff": 0
	},
	"EIX:NYSE": {
		"name": "EIX",
		"market": "NYSE",
		"date": "31 22:45",
		"value": "62.53",
		"value_hist": [["2018-01-31", "62.53"]],
		"value_hist_last_diff": 0,
		"session_change": "+0.03",
		"session_change_percentage": "0.05",
		"title": "Edison International",
		"range_52week": "60.64 - 83.38",
		"range_52week_high": "83.38",
		"range_52week_low": "60.64",
		"range_52week_heat": "0.08",
		"range_52week_volatility": "0.38",
		"beta": "0.24",
		"yield_per_ratio": "0.27",
		"avgyield_per_ratio": "0.42",
		"h_souce": "0.54",
		"per": "14.28",
		"yield": "3.87",
		"avgyield": "3.87",
		"eps_hist_last_diff": 0,
		"dividend": "0.61",
		"divs_per_year": "4",
		"dividend_total_year": "2.44",
		"eps": "4.38",
		"shares": "0.33",
		"mktcap": "20.63",
		"roe": "15.35",
		"operating_margin": "15.28",
		"operating_margin_prev": "17.63",
		"operating_margin_avg": "16.46",
		"key_period": "2017-09-30",
		"key_period_prev": "2016-12-31a",
		"employees": "12.4",
		"inst_own": 84,
		"eps_hist": [["2018-01-10", "4.38"]],
		"yield_hist": [["2018-01-31", "3.87"]],
		"yield_hist_last_diff": 0,
		"per_hist": [["2018-01-31", "14.28"]],
		"per_hist_last_diff": 0,
		"operating_margin_hist": [["2018-01-31", "15.28"]],
		"operating_margin_hist_last_diff": 0,
		"operating_margin_prev_hist": [["2018-01-31", "17.63"]],
		"operating_margin_prev_hist_last_diff": 0,
		"shares_hist": [["2018-01-31", "0.33"]],
		"shares_hist_last_diff": 0,
		"employees_hist": [["2018-01-31", "12.4"]],
		"employees_hist_last_diff": 0,
		"inst_own_hist": [["2018-01-31", 84]],
		"inst_own_hist_last_diff": 0,
		"avgyield_per_ratio_original": "0.27",
		"leverage_industry_ratio": "1.26",
		"revenue": "11.87",
		"price_to_book": "1.64",
		"price_to_sales": "1.72",
		"avg_revenue_growth_5y": "-1.44",
		"revenue_growth_qq_last_year": "-2.50",
		"leverage": "4.32",
		"leverage_industry": "3.44",
		"revenue_hist": [["2018-02-01", "11.87"]],
		"revenue_hist_last_diff": 0,
		"leverage_hist": [["2018-02-01", "4.32"]],
		"leverage_hist_last_diff": 0,
		"price_to_sales_hist": [["2018-02-01", "1.72"]],
		"price_to_sales_hist_last_diff": 0,
		"avg_revenue_growth_5y_hist": [["2018-02-01", "-1.44"]],
		"avg_revenue_growth_5y_hist_last_diff": 0,
		"heat_opportunity": "0.07",
		"eps_opportunity": "0.00",
		"eps_trend": "0.00",
		"high_yld_low_volatility_bonus": "0.05",
		"revenue_growth_bonus": "0.00",
		"revenue_growth_qq_last_year_hist": [["2018-02-01", "-2.50"]],
		"revenue_growth_qq_last_year_hist_last_diff": 0
	},
	"NEE:NYSE": {
		"name": "NEE",
		"market": "NYSE",
		"date": "31 22:49",
		"value": "158.42",
		"value_hist": [["2018-01-31", "158.42"]],
		"value_hist_last_diff": 0,
		"session_change": "+3.33",
		"session_change_percentage": "2.15",
		"title": "NextEra Energy",
		"range_52week": "122.09 - 159.40",
		"range_52week_high": "159.40",
		"range_52week_low": "122.09",
		"range_52week_heat": "0.97",
		"range_52week_volatility": "0.31",
		"beta": "0.31",
		"yield_per_ratio": "0.18",
		"avgyield_per_ratio": "0.30",
		"h_souce": "0.30",
		"per": "13.94",
		"yield": "2.48",
		"avgyield": "2.48",
		"eps_hist_last_diff": 0,
		"dividend": "0.98",
		"divs_per_year": "4",
		"dividend_total_year": "3.92",
		"eps": "11.36",
		"shares": "0.47",
		"mktcap": "74.46",
		"roe": "31.66",
		"operating_margin": "5.89",
		"operating_margin_prev": "30.97",
		"operating_margin_avg": "18.43",
		"key_period": "2017-12-31",
		"key_period_prev": "2017-12-31a",
		"employees": "14.2",
		"inst_own": 79,
		"eps_hist": [["2018-01-30", "11.36"]],
		"yield_hist": [["2018-01-31", "2.48"]],
		"yield_hist_last_diff": 0,
		"per_hist": [["2018-01-31", "13.94"]],
		"per_hist_last_diff": 0,
		"operating_margin_hist": [["2018-01-31", "5.89"]],
		"operating_margin_hist_last_diff": 0,
		"operating_margin_prev_hist": [["2018-01-31", "30.97"]],
		"operating_margin_prev_hist_last_diff": 0,
		"shares_hist": [["2018-01-31", "0.47"]],
		"shares_hist_last_diff": 0,
		"employees_hist": [["2018-01-31", "14.2"]],
		"employees_hist_last_diff": 0,
		"inst_own_hist": [["2018-01-31", 79]],
		"inst_own_hist_last_diff": 0,
		"avgyield_per_ratio_original": "0.18",
		"leverage_industry_ratio": "1.07",
		"revenue": "16.16",
		"price_to_book": "2.82",
		"price_to_sales": "4.42",
		"avg_revenue_growth_5y": "1.04",
		"revenue_growth_qq_last_year": "0.10",
		"leverage": "3.67",
		"leverage_industry": "3.44",
		"revenue_hist": [["2018-02-01", "16.16"]],
		"revenue_hist_last_diff": 0,
		"leverage_hist": [["2018-02-01", "3.67"]],
		"leverage_hist_last_diff": 0,
		"price_to_sales_hist": [["2018-02-01", "4.42"]],
		"price_to_sales_hist_last_diff": 0,
		"avg_revenue_growth_5y_hist": [["2018-02-01", "1.04"]],
		"avg_revenue_growth_5y_hist_last_diff": 0,
		"heat_opportunity": "0.00",
		"eps_opportunity": "0.00",
		"eps_trend": "0.00",
		"high_yld_low_volatility_bonus": "0.00",
		"revenue_growth_bonus": "0.00",
		"revenue_growth_qq_last_year_hist": [["2018-02-01", "0.10"]],
		"revenue_growth_qq_last_year_hist_last_diff": 0
	},
	"DUK:NYSE": {
		"name": "DUK",
		"market": "NYSE",
		"date": "31 22:49",
		"value": "78.50",
		"value_hist": [["2018-01-31", "78.50"]],
		"value_hist_last_diff": 0,
		"session_change": "+0.84",
		"session_change_percentage": "1.08",
		"title": "Duke Energy Corp",
		"range_52week": "76.28 - 91.80",
		"range_52week_high": "91.80",
		"range_52week_low": "76.28",
		"range_52week_heat": "0.14",
		"range_52week_volatility": "0.20",
		"beta": "0.26",
		"yield_per_ratio": "0.22",
		"avgyield_per_ratio": "0.17",
		"h_souce": "0.27",
		"per": "20.61",
		"yield": "4.54",
		"avgyield": "4.54",
		"eps_hist_last_diff": 0,
		"operating_margin": "26.15",
		"operating_margin_prev": "23.37",
		"operating_margin_avg": "24.76",
		"price_to_sales": "2.35",
		"leverage": "3.27",
		"inst_own": 60,
		"dividend": "0.89",
		"divs_per_year": "4",
		"dividend_total_year": "3.56",
		"eps": "3.81",
		"shares": "0.70",
		"mktcap": "54.95",
		"roe": "9.25",
		"key_period": "2017-09-30",
		"key_period_prev": "2016-12-31a",
		"employees": "28.8",
		"eps_hist": [["2018-01-10", "3.81"]],
		"yield_hist": [["2018-01-31", "4.54"]],
		"yield_hist_last_diff": 0,
		"per_hist": [["2018-01-31", "20.61"]],
		"per_hist_last_diff": 0,
		"operating_margin_hist": [["2018-01-31", "26.15"]],
		"operating_margin_hist_last_diff": 0,
		"operating_margin_prev_hist": [["2018-01-31", "23.37"]],
		"operating_margin_prev_hist_last_diff": 0,
		"shares_hist": [["2018-01-31", "0.70"]],
		"shares_hist_last_diff": 0,
		"employees_hist": [["2018-01-31", "28.8"]],
		"employees_hist_last_diff": 0,
		"inst_own_hist": [["2018-01-31", 60]],
		"inst_own_hist_last_diff": 0,
		"avgyield_per_ratio_original": "0.22",
		"leverage_industry_ratio": "28.78",
		"revenue": "22.74",
		"price_to_book": "1.32",
		"avg_revenue_growth_5y": "9.38",
		"revenue_growth_qq_last_year": "-1.40",
		"leverage_industry": "3.44",
		"revenue_hist": [["2018-02-01", "22.74"]],
		"revenue_hist_last_diff": 0,
		"leverage_hist": [["2018-02-01", "3.27"]],
		"leverage_hist_last_diff": 0,
		"price_to_sales_hist": [["2018-02-01", "2.35"]],
		"price_to_sales_hist_last_diff": 0,
		"avg_revenue_growth_5y_hist": [["2018-02-01", "9.38"]],
		"avg_revenue_growth_5y_hist_last_diff": 0,
		"heat_opportunity": "0.06",
		"eps_opportunity": "0.00",
		"eps_trend": "0.00",
		"high_yld_low_volatility_bonus": "0.05",
		"revenue_growth_bonus": "0.00",
		"revenue_growth_qq_last_year_hist": [["2018-02-01", "-1.40"]],
		"revenue_growth_qq_last_year_hist_last_diff": 0
	},
	"SO:NYSE": {
		"name": "SO",
		"market": "NYSE",
		"date": "31 22:49",
		"value": "45.11",
		"value_hist": [["2018-01-31", "45.11"]],
		"value_hist_last_diff": 0,
		"session_change": "+0.31",
		"session_change_percentage": "0.68",
		"title": "Southern Co",
		"range_52week": "43.16 - 53.51",
		"range_52week_high": "53.51",
		"range_52week_low": "43.16",
		"range_52week_heat": "0.19",
		"range_52week_volatility": "0.24",
		"beta": "0.14",
		"yield_per_ratio": "0.06",
		"avgyield_per_ratio": "0.06",
		"h_souce": "0.16",
		"per": "81.23",
		"yield": "5.14",
		"avgyield": "5.14",
		"eps_hist_last_diff": 0,
		"operating_margin": "32.98",
		"operating_margin_prev": "23.27",
		"operating_margin_avg": "28.13",
		"price_to_sales": "2.00",
		"leverage": "4.58",
		"inst_own": 57,
		"dividend": "0.58",
		"divs_per_year": "4",
		"dividend_total_year": "2.32",
		"eps": "0.56",
		"shares": "1.00",
		"mktcap": "45.11",
		"roe": "18.07",
		"key_period": "2017-09-30",
		"key_period_prev": "2016-12-31a",
		"employees": "32.0",
		"eps_hist": [["2018-01-10", "0.56"]],
		"yield_hist": [["2018-01-31", "5.14"]],
		"yield_hist_last_diff": 0,
		"per_hist": [["2018-01-31", "81.23"]],
		"per_hist_last_diff": 0,
		"operating_margin_hist": [["2018-01-31", "32.98"]],
		"operating_margin_hist_last_diff": 0,
		"operating_margin_prev_hist": [["2018-01-31", "23.27"]],
		"operating_margin_prev_hist_last_diff": 0,
		"shares_hist": [["2018-01-31", "1.00"]],
		"shares_hist_last_diff": 0,
		"employees_hist": [["2018-01-31", "32.0"]],
		"employees_hist_last_diff": 0,
		"inst_own_hist": [["2018-01-31", 57]],
		"inst_own_hist_last_diff": 0,
		"avgyield_per_ratio_original": "0.06",
		"leverage_industry_ratio": "28.78",
		"revenue": "19.90",
		"price_to_book": "1.88",
		"avg_revenue_growth_5y": "2.42",
		"revenue_growth_qq_last_year": "-1.00",
		"leverage_industry": "3.44",
		"revenue_hist": [["2018-02-01", "19.90"]],
		"revenue_hist_last_diff": 0,
		"leverage_hist": [["2018-02-01", "4.58"]],
		"leverage_hist_last_diff": 0,
		"price_to_sales_hist": [["2018-02-01", "2.00"]],
		"price_to_sales_hist_last_diff": 0,
		"avg_revenue_growth_5y_hist": [["2018-02-01", "2.42"]],
		"avg_revenue_growth_5y_hist_last_diff": 0,
		"heat_opportunity": "0.06",
		"eps_opportunity": "0.00",
		"eps_trend": "0.00",
		"high_yld_low_volatility_bonus": "0.05",
		"revenue_growth_bonus": "0.00",
		"revenue_growth_qq_last_year_hist": [["2018-02-01", "-1.00"]],
		"revenue_growth_qq_last_year_hist_last_diff": 0
	},
	"D:NYSE": {
		"name": "D",
		"market": "NYSE",
		"date": "31 22:49",
		"value": "76.44",
		"value_hist": [["2018-01-31", "76.44"]],
		"value_hist_last_diff": 0,
		"session_change": "+1.12",
		"session_change_percentage": "1.49",
		"title": "Dominion Energy",
		"range_52week": "70.87 - 85.30",
		"range_52week_high": "85.30",
		"range_52week_low": "70.87",
		"range_52week_heat": "0.39",
		"range_52week_volatility": "0.20",
		"beta": "0.30",
		"yield_per_ratio": "0.28",
		"avgyield_per_ratio": "0.15",
		"h_souce": "0.29",
		"per": "15.56",
		"yield": "4.37",
		"avgyield": "4.37",
		"eps_hist_last_diff": 0,
		"operating_margin": "31.28",
		"operating_margin_prev": "32.81",
		"operating_margin_avg": "32.05",
		"price_to_sales": "3.88",
		"leverage": "4.63",
		"inst_own": 69,
		"dividend": "0.83",
		"divs_per_year": "4",
		"dividend_total_year": "3.32",
		"eps": "4.91",
		"shares": "0.64",
		"mktcap": "48.92",
		"roe": "-",
		"key_period": "2017-12-31",
		"key_period_prev": "2017-12-31a",
		"employees": "16.2",
		"eps_hist": [["2018-01-30", "4.91"]],
		"yield_hist": [["2018-01-31", "4.37"]],
		"yield_hist_last_diff": 0,
		"per_hist": [["2018-01-31", "15.56"]],
		"per_hist_last_diff": 0,
		"operating_margin_hist": [["2018-01-31", "31.28"]],
		"operating_margin_hist_last_diff": 0,
		"operating_margin_prev_hist": [["2018-01-31", "32.81"]],
		"operating_margin_prev_hist_last_diff": 0,
		"shares_hist": [["2018-01-31", "0.64"]],
		"shares_hist_last_diff": 0,
		"employees_hist": [["2018-01-31", "16.2"]],
		"employees_hist_last_diff": 0,
		"inst_own_hist": [["2018-01-31", 69]],
		"inst_own_hist_last_diff": 0,
		"avgyield_per_ratio_original": "0.28",
		"leverage_industry_ratio": "23.91",
		"revenue": "11.74",
		"price_to_book": "3.03",
		"avg_revenue_growth_5y": "-3.98",
		"revenue_growth_qq_last_year": "1.50",
		"leverage_industry": "4.14",
		"revenue_hist": [["2018-02-01", "11.74"]],
		"revenue_hist_last_diff": 0,
		"leverage_hist": [["2018-02-01", "4.63"]],
		"leverage_hist_last_diff": 0,
		"price_to_sales_hist": [["2018-02-01", "3.88"]],
		"price_to_sales_hist_last_diff": 0,
		"avg_revenue_growth_5y_hist": [["2018-02-01", "-3.98"]],
		"avg_revenue_growth_5y_hist_last_diff": 0,
		"heat_opportunity": "0.04",
		"eps_opportunity": "0.00",
		"eps_trend": "0.00",
		"high_yld_low_volatility_bonus": "0.05",
		"revenue_growth_bonus": "0.05",
		"revenue_growth_qq_last_year_hist": [["2018-02-01", "1.50"]],
		"revenue_growth_qq_last_year_hist_last_diff": 0
	},
	"EXC:NYSE": {
		"name": "EXC",
		"market": "NYSE",
		"date": "31 22:53",
		"value": "38.51",
		"value_hist": [["2018-01-31", "38.51"]],
		"value_hist_last_diff": 0,
		"session_change": "+0.22",
		"session_change_percentage": "0.57",
		"title": "Exelon Corporation",
		"range_52week": "33.30 - 42.67",
		"range_52week_high": "42.67",
		"range_52week_low": "33.30",
		"range_52week_heat": "0.56",
		"range_52week_volatility": "0.28",
		"beta": "0.30",
		"yield_per_ratio": "0.21",
		"avgyield_per_ratio": "0.15",
		"h_souce": "0.23",
		"per": "17.28",
		"yield": "3.58",
		"avgyield": "3.58",
		"eps_hist_last_diff": 0,
		"operating_margin": "16.74",
		"operating_margin_prev": "9.92",
		"operating_margin_avg": "13.33",
		"price_to_sales": "1.10",
		"leverage": "4.22",
		"inst_own": 80,
		"dividend": "0.34",
		"divs_per_year": "4",
		"dividend_total_year": "1.36",
		"eps": "2.23",
		"shares": "0.96",
		"mktcap": "36.97",
		"roe": "11.88",
		"key_period": "2017-09-30",
		"key_period_prev": "2016-12-31a",
		"employees": "34.4",
		"eps_hist": [["2018-01-10", "2.23"]],
		"yield_hist": [["2018-01-31", "3.58"]],
		"yield_hist_last_diff": 0,
		"per_hist": [["2018-01-31", "17.28"]],
		"per_hist_last_diff": 0,
		"operating_margin_hist": [["2018-01-31", "16.74"]],
		"operating_margin_hist_last_diff": 0,
		"operating_margin_prev_hist": [["2018-01-31", "9.92"]],
		"operating_margin_prev_hist_last_diff": 0,
		"shares_hist": [["2018-01-31", "0.96"]],
		"shares_hist_last_diff": 0,
		"employees_hist": [["2018-01-31", "34.4"]],
		"employees_hist_last_diff": 0,
		"inst_own_hist": [["2018-01-31", 80]],
		"inst_own_hist_last_diff": 0,
		"avgyield_per_ratio_original": "0.21",
		"leverage_industry_ratio": "23.91",
		"revenue": "31.36",
		"price_to_book": "1.32",
		"avg_revenue_growth_5y": "10.63",
		"revenue_growth_qq_last_year": "-2.60",
		"leverage_industry": "4.14",
		"revenue_hist": [["2018-02-01", "31.36"]],
		"revenue_hist_last_diff": 0,
		"leverage_hist": [["2018-02-01", "4.22"]],
		"leverage_hist_last_diff": 0,
		"price_to_sales_hist": [["2018-02-01", "1.10"]],
		"price_to_sales_hist_last_diff": 0,
		"avg_revenue_growth_5y_hist": [["2018-02-01", "10.63"]],
		"avg_revenue_growth_5y_hist_last_diff": 0,
		"heat_opportunity": "0.03",
		"eps_opportunity": "0.00",
		"eps_trend": "0.00",
		"high_yld_low_volatility_bonus": "0.05",
		"revenue_growth_bonus": "0.00",
		"revenue_growth_qq_last_year_hist": [["2018-02-01", "-2.60"]],
		"revenue_growth_qq_last_year_hist_last_diff": 0
	},
	"QCOM:NASDAQ": {
		"name": "QCOM",
		"market": "NASDAQ",
		"date": "31 22:30",
		"value": "68.25",
		"value_hist": [["2018-01-31", "68.25"]],
		"value_hist_last_diff": 0,
		"session_change": "+1.26",
		"session_change_percentage": "1.88",
		"title": "QUALCOMM,",
		"range_52week": "48.92 - 69.28",
		"range_52week_high": "69.28",
		"range_52week_low": "48.92",
		"range_52week_heat": "0.95",
		"range_52week_volatility": "0.42",
		"beta": "1.39",
		"yield_per_ratio": "0.08",
		"avgyield_per_ratio": "0.13",
		"h_souce": "0.13",
		"per": "41.27",
		"yield": "3.34",
		"avgyield": "3.34",
		"eps_hist_last_diff": 0,
		"dividend": "0.57",
		"divs_per_year": "4",
		"dividend_total_year": "2.28",
		"eps": "1.65",
		"shares": "1.47",
		"mktcap": "100.33",
		"roe": "2.19",
		"operating_margin": "5.95",
		"operating_margin_prev": "11.08",
		"operating_margin_avg": "8.52",
		"key_period": "2017-09-30",
		"key_period_prev": "2017-12-31a",
		"employees": "33.8",
		"inst_own": 79,
		"eps_hist": [["2018-01-10", "1.65"]],
		"yield_hist": [["2018-01-31", "3.34"]],
		"yield_hist_last_diff": 0,
		"per_hist": [["2018-01-31", "41.27"]],
		"per_hist_last_diff": 0,
		"operating_margin_hist": [["2018-01-31", "5.95"]],
		"operating_margin_hist_last_diff": 0,
		"operating_margin_prev_hist": [["2018-01-31", "11.08"]],
		"operating_margin_prev_hist_last_diff": 0,
		"shares_hist": [["2018-01-31", "1.47"]],
		"shares_hist_last_diff": 0,
		"employees_hist": [["2018-01-31", "33.8"]],
		"employees_hist_last_diff": 0,
		"inst_own_hist": [["2018-01-31", 79]],
		"inst_own_hist_last_diff": 0,
		"avgyield_per_ratio_original": "0.08",
		"leverage_industry_ratio": "0.85",
		"revenue": "22.29",
		"price_to_book": "3.29",
		"price_to_sales": "4.56",
		"avg_revenue_growth_5y": "3.12",
		"revenue_growth_qq_last_year": "-4.50",
		"leverage": "2.13",
		"leverage_industry": "1.72",
		"revenue_hist": [["2018-02-01", "22.29"]],
		"revenue_hist_last_diff": 0,
		"leverage_hist": [["2018-02-01", "2.13"]],
		"leverage_hist_last_diff": 0,
		"price_to_sales_hist": [["2018-02-01", "4.56"]],
		"price_to_sales_hist_last_diff": 0,
		"avg_revenue_growth_5y_hist": [["2018-02-01", "3.12"]],
		"avg_revenue_growth_5y_hist_last_diff": 0,
		"heat_opportunity": "0.00",
		"eps_opportunity": "0.00",
		"high_yld_low_volatility_bonus": "0.00",
		"revenue_growth_bonus": "0.00",
		"eps_trend": "0.00",
		"revenue_growth_qq_last_year_hist": [["2018-02-01", "-4.50"]],
		"revenue_growth_qq_last_year_hist_last_diff": 0
	}
}
